3559 5709
735 677 938 737 Loclsrucicl

748 841 933 909 TVBERO

617 961 675 1026 De
698 962 858 1047 origine
880 962 1057 1028 humana.

829 1065 846 1129 I

362 1163 497 1230 Caelum
519 1174 557 1230 ut
579 1174 681 1249 testa,
704 1167 782 1231 item
804 1176 841 1232 ut
855 1167 1004 1233 uitellum
1026 1178 1129 1252 terra,
1152 1170 1238 1235 inter
1258 1171 1315 1236 illa
1331 1172 1394 1237 duo

269 1266 371 1351 quasi
394 1263 492 1362 ἰκμὰς
513 1266 660 1333 inclusus
684 1277 755 1348 aer,
781 1268 901 1356 inquo
925 1269 1023 1336 calor.

820 1422 854 1487 Il

360 1523 488 1589 Probus
510 1525 546 1589 in
567 1525 670 1610 Verg.
687 1524 745 1590 ecl.
770 1534 800 1609 6,
825 1533 861 1595 31
888 1548 921 1612 p.
946 1536 984 1597 19
1007 1526 1050 1591 Κ.
1075 1526 1132 1590 eln
1155 1528 1270 1592 eodem
1293 1529 1392 1594 etiam

270 1622 359 1690 libro
371 1624 488 1791 ⁸Vprro
511 1628 749 1715 interpretatur
776 1625 925 1693 uitellum
953 1628 1170 1715 appellatum,
1198 1631 1276 1717 quia
1296 1653 1392 1717 gene·

269 1736 325 1792 ret
347 1736 416 1793 uita
429 1752 472 1793 ra.
1321 1745 1326 1754 “

806 1849 859 1914 ΙΠ

310 1970 312 1974 ”
359 1950 557 2017 Censorinus
578 1974 606 2017 c.
629 1962 649 2024 9
672 1952 757 2017 ‘Hac
779 1950 1022 2017 Chaldaeorum
1044 1954 1206 2018 sententia
1228 1954 1392 2041 explicata

269 2062 403 2118 transeo
432 2056 475 2119 ad
498 2053 685 2141 opinionem
712 2051 1134 2141 PythagoricamVarroni
1161 2065 1334 2121 tractatam
1356 2057 1390 2119 in

269 2154 372 2239 libro,
401 2157 457 2244 qui
478 2166 615 2221 uocatur
638 2157 770 2222 Tubero
794 2167 826 2221 et
848 2156 936 2221 intus
960 2157 1179 2222 subscribitur
1201 2159 1241 2225 de
1264 2158 1390 2243 origine

268 2258 414 2323 humana
533 2257 602 2323 Alii
629 2259 716 2323 enim
743 2258 907 2345 plerique,
943 2279 1015 2321 oum
1043 2279 1153 2323 omnes
1181 2269 1295 2345 partus
1322 2283 1389 2325 non

269 2384 336 2426 uno
359 2371 504 2447 tempore
531 2361 613 2426 fiant
639 2362 776 2444 maturi,
804 2382 870 2424 una
896 2369 1007 2424 tamen
1035 2359 1213 2446 eademque
1241 2370 1389 2448 tempora

269 2463 421 2529 omnibus
444 2462 688 2528 conformandis
712 2462 888 2543 dederunt,
911 2470 949 2525 ut
962 2461 1128 2546 Diogenes
1151 2461 1387 2547 Apolloniates,

269 2566 327 2650 qui
349 2564 502 2630 masculis
526 2587 644 2653 corpus
673 2566 720 2629 ait
747 2573 901 2652 quattuor
929 2563 1094 2628 mensibus
1124 2563 1259 2628 formari
1286 2572 1320 2628 et
1336 2550 1387 2628 fc

268 2666 368 2732 minis
390 2667 549 2755 quinque,
572 2667 627 2732 uel
649 2668 798 2754 Hippon,
827 2667 882 2753 qui
906 2666 1020 2731 diebus
1042 2665 1108 2730 LX
1129 2664 1289 2731 infantem
1310 2666 1387 2730 seri·

267 2768 320 2833 bit
340 2767 476 2835 formari
497 2779 531 2834 et
553 2778 669 2856 quarto
691 2791 802 2834 mense
824 2789 954 2832 carnem
970 2767 1041 2831 fieri
1055 2778 1250 2850 concretam,
1273 2769 1387 2855 quinto
1450 2758 1453 2766 ’

268 2892 394 2955 ungues
418 2871 636 2958 capillumque
658 2872 767 2953 nasci,
791 2870 931 2956 septimo
953 2870 1020 2933 iam
1042 2869 1205 2934 hominem
1227 2891 1300 2934 esse
1315 2891 1386 2955 per·
1480 2941 1483 2948 ,

267 2970 405 3038 sectum?
429 2974 635 3059 Pythagoras
659 2983 768 3038 autem
789 2972 877 3059 quod
900 2981 971 3035 erat
986 2969 1174 3040 credibilius
1191 2970 1290 3054 dixit,
1313 2993 1385 3057 par-

267 3084 321 3139 tus
345 3097 417 3140 esse
438 3097 561 3160 genera
584 3074 660 3157 duo,
684 3073 823 3139 alterum
839 3082 966 3161 septem
988 3095 1145 3156 mensum,
1169 3072 1307 3138 alterum
1331 3072 1385 3137 de-

170 3198 174 3208 ·
268 3199 354 3260 eem,
382 3177 441 3242 sed
463 3177 611 3264 priorem
624 3236 626 3239 .
641 3176 714 3250 aliis
744 3176 873 3242 dierum
900 3176 1045 3241 numeris
1068 3174 1282 3258 conformari,
1311 3173 1384 3239 aliis

266 3281 494 3365 posteriorem.
523 3281 591 3346 Eos
613 3302 692 3346 uero
721 3302 890 3362 numeros,
920 3279 977 3366 qui
1004 3278 1037 3341 in
1063 3299 1260 3365 unoquoque
1277 3286 1385 3369 ,partu

267 3379 391 3468 aliquid
413 3382 568 3448 adferunt
589 3382 796 3465 mutationis,
821 3382 898 3445 dum
922 3389 980 3444 aut
1001 3402 1113 3445 semen
1134 3380 1170 3442 in
1192 3380 1384 3465 sanguinem

266 3492 324 3550 aut
346 3485 479 3570 sanguis
507 3485 542 3551 in
570 3506 701 3550 carnem
723 3474 781 3548 aut
810 3505 885 3549 caro
911 3482 947 3545 in
974 3481 1113 3547 hominis
1142 3481 1281 3565 figuram
1310 3502 1384 3545 eon-

264 3586 422 3670 uertitur,
451 3588 537 3652 inter
559 3609 594 3651 se
617 3585 762 3651 conlatos
785 3586 944 3649 rationem
966 3583 1087 3650 habere
1115 3605 1186 3648 eam
1208 3604 1307 3670 quarn
1329 3604 1383 3646 uo·

264 3708 318 3752 ces
340 3688 463 3756 habent
484 3712 568 3777 quae
590 3689 624 3754 in
646 3689 769 3755 musice
791 3680 973 3770 σύμφωνοι
993 3691 1180 3752 uocantur!

288 4010 292 4017 ι
451 4013 454 4018 ¹
587 3914 590 3921 ’
692 3929 749 3993 De
771 3926 952 3993 moribus
1168 4018 1170 4021 Α

349 4028 538 4098 Macrobius
568 4031 651 4097 Satt.
674 4030 787 4113 1118,
812 4040 831 4100 9
860 4028 989 4095 ‘Varro
1018 4029 1060 4093 de
1087 4027 1232 4098 moribus
1258 4048 1380 4119 morem
1465 4054 1468 4058 >

263 4124 347 4197 dicit
368 4155 440 4199 esse
460 4135 495 4199 in
517 4133 638 4198 iudicio
656 4132 773 4215 animi,
797 4153 893 4218 quern
909 4130 1002 4217 sequi
1018 4129 1138 4196 debeat
1153 4127 1379 4195 consuetudo.'

330 4288 478 4342 TVBERO
508 4290 551 4343 cf.
570 4289 735 4356 Aborigines
757 4291 853 4338 satura
873 4284 948 4351 [περὶ
965 4276 1128 4351 ἀνθρώπων
1151 4276 1284 4350 φύσεως].
1312 4283 1380 4336 Wil-

260 4372 361 4408 manns
379 4358 412 4408 de
430 4361 509 4412 Varr.
528 4358 590 4409 libr.
610 4372 723 4425 gramm.
743 4374 769 4422 p.
782 4358 814 4408 36
834 4354 1016 4421 etymologias
1033 4355 1166 4406 Varronis
1186 4369 1230 4419 ap.
1247 4353 1379 4402 Lactant.

260 4424 296 4477 de
319 4424 430 4493 opificio
454 4426 500 4480 dei
523 4426 558 4477 ad
586 4426 709 4492 eorporis
731 4429 824 4492 partes
847 4422 1020 4489 pertinentes
1042 4422 1096 4473 hue
1118 4422 1213 4473 refert.
1283 4420 1380 4471 lPro-

259 4494 313 4544 bus
331 4494 360 4544 in
378 4494 461 4562 Verg.
482 4495 533 4547 ecl.
553 4496 577 4556 6,
600 4498 632 4546 31
650 4511 676 4559 p.
697 4496 728 4544 19
740 4494 774 4547 K.
803 4493 906 4543 ‘Varro
929 4490 1030 4541 mundo
1054 4506 1136 4542 ouum
1158 4487 1336 4556 comparauit,
1351 4489 1379 4538 in

258 4562 423 4628 logistorico
441 4565 488 4630 qui
510 4563 671 4615 inscribitur
687 4561 797 4613 Tubero
820 4559 853 4611 de
872 4559 979 4625 origine
998 4560 1131 4623 humana,
1150 4558 1191 4609 sic
1210 4558 1306 4608 dicens
1320 4595 1326 4606 .
1340 4597 1347 4609 .
1362 4561 1379 4609 .’

258 4630 418 4681 uitellum
436 4635 473 4682 ut
491 4632 569 4682 codd.
586 4632 702 4682 humor
721 4632 820 4695 quasi
838 4628 926 4691 codd,
944 4628 1059 4679 humor
1077 4631 1120 4678 est
1138 4626 1287 4694 glossema.

313 4713 403 4765 Riese,
421 4712 523 4756 Varronis
538 4712 631 4755 Satires.
1136 4719 1176 4781 17
