3559 5709
803 697 929 753 Grll‘V'l
960 698 980 752 ll
1407 693 1448 759 57

328 863 499 929 nominaui
529 862 730 946 argumentis
760 853 843 926 hano
871 864 1031 927 rationem
1054 864 1100 927 ita
1123 863 1316 927 confirmare
1339 862 1450 928 studet

330 966 399 1052 (De
422 988 457 1029 re
479 964 614 1028 metrica
636 974 736 1049 poett.
760 963 817 1028 lat.
840 985 872 1049 p.
890 972 929 1035 83
946 965 1026 1050 sq.):
1052 966 1184 1030 ‘etenim
1206 964 1294 1050 quod
1316 988 1449 1031 suarum

330 1078 364 1132 et
391 1065 510 1132 Lucilii
540 1077 728 1130 saturarum
761 1067 931 1152 proprium
963 1089 1035 1130 esse
1067 1075 1206 1131 testatur
1232 1067 1387 1148 Flaccus,
1421 1067 1449 1131 si

328 1179 480 1255 tempora
501 1177 592 1232 certa
614 1190 652 1232 ac
674 1167 787 1233 modos
812 1169 992 1254 dempseris
1020 1169 1148 1250 uerbiS,
1178 1190 1243 1232 non
1270 1169 1336 1232 iam
1358 1169 1449 1232 inue—
1518 1198 1522 1209 ·

329 1272 394 1335 niri
417 1270 511 1356 quasi
533 1268 676 1336 frustula
703 1270 850 1355 poetica,
885 1270 920 1333 id
948 1269 1045 1355 longe
1071 1272 1177 1355 magis
1200 1270 1244 1335 ad
1265 1269 1450 1335 Varronem

329 1372 474 1460 pertinet
496 1410 536 1419 -
552 1410 593 1419 —-
615 1373 725 1459 itaque
748 1371 857 1458 siquid
879 1372 942 1436 erit
962 1371 1083 1437 humile
1107 1383 1139 1438 et
1161 1372 1288 1439 solutae
1310 1370 1451 1435 orationi

330 1485 462 1561 aptum,
490 1496 557 1539 non
583 1475 732 1561 sequitur
754 1484 842 1538 certo
865 1474 902 1537 id
924 1497 990 1538 non
1012 1475 1172 1541 contineri
1194 1473 1356 1539 uersibus.
1392 1474 1450 1537 sed

330 1575 398 1641 alia
425 1586 596 1661 praeterea
623 1598 687 1639 non
713 1576 818 1640 minor
847 1575 1026 1641 difficultas
1059 1576 1135 1640 inde
1167 1576 1329 1657 nascitur,
1362 1573 1450 1661 quod

330 1678 496 1744 Varronis
525 1686 672 1764 ternpore
700 1677 780 1743 noui
805 1677 929 1742 moduli
957 1689 1071 1743 exorta
1099 1689 1170 1743 arte
1197 1700 1272 1743 cum
1294 1676 1449 1763 pleraque

328 1780 499 1847 ueteribus
522 1780 718 1865 intemptata
740 1778 998 1864 aggrederentur
1019 1789 1136 1866 poetae
1151 1780 1273 1860 Latini,
1294 1778 1377 1842 illud
1399 1800 1450 1842 ac-

329 1883 444 1948 cidere
472 1882 643 1967 oportebat
670 1882 758 1967 quod
786 1904 914 1967 semper
943 1881 981 1946 fit
1007 1882 1041 1944 in
1068 1906 1103 1947 re
1132 1881 1249 1964 simili,
1280 1891 1318 1947 ut
1349 1880 1451 1945 animi

329 1985 493 2051 inusitata
520 1981 690 2069 uoluptate
718 1983 808 2070 capti
835 1984 998 2070 nimisque
1025 1983 1232 2069 indulgentes
1255 1982 1451 2049 iucunditati

329 2087 492 2172 incogniti
516 2086 670 2151 carminis
691 2108 759 2151 non
781 2087 861 2150 satis
891 2094 1044 2150 curarent
1071 2084 1170 2169 illud,
1198 2085 1278 2172 quid
1305 2084 1452 2172 pedestri

329 2189 563 2278 potiusquam
590 2188 738 2275 poeticae
767 2187 957 2252 conueniret
984 2188 1149 2253 orationi!
1193 2189 1280 2253 Huic
1302 2186 1452 2252 Muelleri
1510 2206 1514 2211 ·

330 2290 516 2357 sententiae
538 2289 601 2356 hoc
623 2290 755 2375 quidem
777 2312 892 2353 uerum
913 2290 1015 2371 inest,
1044 2313 1108 2354 res
1131 2312 1365 2376 nonnunquam
1386 2311 1450 2353 me·

330 2393 461 2459 diceres
488 2414 551 2457 nec
577 2392 671 2478 poesi
693 2401 788 2478 aptas
817 2413 933 2455 uersus
963 2391 1123 2458 Varronis
1153 2392 1335 2473 continere,
1369 2413 1451 2479 quas

332 2508 448 2563 tamen
469 2496 617 2581 poeticas
641 2517 713 2559 esse
735 2494 876 2580 scriptor
904 2516 1077 2580 perperam
1104 2495 1250 2581 putauit,
1279 2516 1317 2559 eo
1346 2492 1452 2577 magis
1510 2539 1515 2547 -

333 2609 446 2664 autem
461 2597 679 2665 uerborum
699 2582 821 2682 ubique
844 2604 1006 2662 tumorem
1021 2606 1167 2663 artemue
1182 2596 1373 2682 quaerebat,
1389 2617 1453 2681 qua

330 2700 484 2766 adhibita
505 2709 636 2786 poetam
660 2722 694 2763 se
711 2720 899 2781 euasurum,
923 2722 996 2763 cum
1010 2699 1173 2783 genuinus
1190 2722 1269 2763 sane
1284 2697 1454 2762 Musarum

330 2802 486 2868 alumnus
510 2802 570 2865 uix
591 2802 708 2883 fuerit,
737 2798 860 2865 temere
883 2802 1048 2887 sperabat.
1092 2800 1196 2866 Porro
1225 2802 1334 2865 autem
1357 2823 1397 2865 ea
1417 2822 1453 2864 rc
1541 2812 1545 2831 ¹

331 2928 354 2970 a
378 2905 495 2970 ceteris
520 2906 589 2969 eius
613 2904 687 2968 aeui
709 2903 815 2989 poetis
840 2888 991 2967 diuersus
1014 2915 1082 2985 est,
1113 2902 1202 2987 quod
1223 2924 1306 2988 quae
1336 2925 1357 2965 a
1379 2902 1453 2987 poc·
1508 2979 1510 2982 ι

331 3008 402 3074 tica
424 3006 564 3072 elatione
587 3005 695 3071 aliena
718 3027 789 3070 csse
806 3005 972 3091 cognouit,
996 3028 1036 3070 ea
1057 3004 1266 3091 pedestribus
1290 3004 1453 3092 suis-par-

329 3109 423 3175 tibus
456 3117 587 3195 poterat
619 3108 779 3191 inserere,
814 3130 915 3193 quare
941 3108 1008 3172 iam
1035 3105 1262 3194 accipiendum
1289 3116 1340 3171 est
1369 3129 1453 3188 cum,

331 3234 420 3300 quae
442 3211 592 3277 uersibus
621 3209 728 3275 uoluit
752 3211 915 3297 exprimi,
944 3234 1003 3297 pro
1032 3210 1168 3297 poeticis
1201 3231 1277 3274 uere
1299 3208 1455 3275 habuisse

330 3314 512 3399 uerbisque
528 3313 601 3378 ideo
617 3314 711 3399 poesi
734 3313 1006 3379 conuenientibus
1031 3311 1195 3377 elocutum
1217 3334 1299 3376 esse.
1344 3312 1455 3392 Quare

332 3416 379 3481 de
395 3417 522 3503 poetica
536 3415 669 3504 quidem
684 3414 843 3479 Varronis
866 3415 991 3480 uirtute
1013 3414 1177 3479 iudicabis
1200 3422 1364 3499 utcunque
1386 3412 1454 3500 pla·

331 3518 440 3603 cebit3
475 3518 533 3583 sed
560 3517 596 3582 id
628 3518 738 3603 ipsum
766 3539 808 3581 ex
830 3515 895 3581 illis
924 3515 1165 3600 concludimus,
1199 3537 1297 3602 posse
1325 3538 1384 3581 nos
1413 3537 1456 3580 ex

330 3621 511 3687 uerborum
539 3620 681 3702 ratione,
716 3641 780 3703 qua
806 3618 927 3702 utitur,
955 3616 1161 3704 intellegere,
1196 3613 1302 3683 sintne
1330 3616 1392 3682 loci
1421 3618 1456 3681 in

330 3732 441 3788 metra
465 3724 570 3787 coacti
592 3745 634 3787 an
649 3745 725 3787 non.
757 3720 810 3786 Ita
826 3721 1078 3787 Andabatarum
1092 3720 1270 3807 fragmenti
1284 3718 1352 3785 VII
1367 3717 1456 3807 quod

330 3824 512 3896 Muellerus
536 3847 569 3910 p.
593 3834 633 3895 84
656 3825 752 3914 affert
955 3820 957 3825 ’

423 3929 603 3991 ‘Candidum
625 3933 706 3999 lacte
728 3928 748 3990 ε’
761 3932 885 4006 pupilla
907 3927 975 3990 crim
994 3934 1078 4006 fluit,
1102 3928 1218 4004 siquam
1238 3936 1351 4005 putant

421 4030 558 4107 Parrum,
584 4034 667 4108 quod
686 4033 737 4093 bic
758 4039 905 4108 sequatur
926 4031 1079 4095 mulierem
1101 4049 1118 4091 e
1134 4029 1232 4107 partu
1253 4032 1371 4107 liquor'

331 4149 501 4215 sententia
516 4171 595 4212 sane
617 4157 669 4213 est
685 4145 861 4213 admodum
883 4143 1057 4211 mediocris
1080 4154 1112 4210 et
1134 4146 1283 4229 humilis3
1306 4145 1456 4231 quisnam

330 4273 416 4316 uero
443 4248 540 4314 lactis
570 4249 737 4337 epitheton
766 4253 967 4313 ‘candidum'
997 4248 1032 4311 in
1054 4249 1202 4335 prosario
1231 4270 1379 4313 sermone
1401 4247 1456 4312 ad-

330 4352 524 4417 hibuisset?
558 4352 632 4438 quis
656 4374 722 4416 non
745 4359 781 4414 ‘e
797 4355 947 4430 papillis’
972 4350 1133 4415 dixisset?
1167 4350 1239 4436 quis
1262 4350 1367 4414 uerba
1388 4356 1457 4415 ‘hic

330 4461 454 4534 liquor'
485 4462 552 4518 tam
581 4451 696 4539 procul
724 4454 811 4517 inter
840 4473 875 4517 se
904 4452 1169 4536 segregasset?¹)
1214 4453 1330 4538 Itaque
1352 4452 1388 4517 in
1408 4452 1457 4517 in·

424 4660 452 4728 1)
471 4663 513 4711 De
533 4661 587 4713 hac
605 4661 751 4713 uerborum
769 4660 956 4712 collocatione
974 4659 1048 4709 infra
1068 4675 1158 4725 agam.
