3559 5709
714 708 841 770 clrvr
872 710 895 770 n
968 716 972 725 ·
1323 704 1361 774 tr

241 896 301 939 suo
324 870 432 940 lubitu
454 871 597 956 finxerit,
617 875 652 938 in
673 876 797 941 incerto
809 874 1067 961 'relinquendum
1081 876 1225 944 uidetur.
1239 916 1282 927 —-
1297 883 1362 943 ‘Bt'-

238 997 299 1055 ffus
320 983 406 1055 sequi
431 984 587 1040 cornutus’
617 976 719 1061 (Serr.
742 976 811 1061 HI)
841 978 1009 1062 poeticum
1037 1000 1108 1043 csse
1139 980 1252 1045 exeis
1279 1002 1363 1067 quae
1394 962 1397 972 '

240 1099 344 1164 supra
367 1076 533 1164 disputaui
556 1087 709 1164 apparet3
732 1076 857 1163 reliqua
873 1089 982 1143 autem
997 1079 1174 1163 fragmenti
1189 1103 1266 1165 pars
1289 1102 1363 1146 cum

239 1178 425 1265 prosarium
447 1200 527 1264 prae
550 1200 584 1242 se
606 1176 692 1242 ferat
717 1177 864 1243 indolem
887 1189 920 1243 et
943 1184 1159 1260 ‘Treptolcmus
1185 1188 1362 1261 sculponea-

239 1287 301 1345 tus’
323 1278 365 1346 de
387 1302 450 1365 quo
473 1279 555 1343 haec
578 1280 747 1361 dicuntur,
772 1279 932 1345 Serranus
954 1282 1025 1366 ipsc
1048 1304 1120 1346 esse
1144 1282 1362 1367 suspicandus

241 1381 296 1465 sit,
319 1380 383 1446 tria
405 1379 589 1445 illa'uerba
611 1403 653 1444 ex
674 1381 801 1465 tragica
824 1380 935 1466 aliqua
965 1381 1004 1447 de
1028 1381 1230 1468 Triptolemo
1253 1405 1362 1448 narra·

240 1472 331 1546 tione
346 1482 455 1546 afferri
470 1479 648 1545 uerisimile
663 1491 724 1547 est.
740 1520 782 1529 -
795 1482 849 1547 De
864 1482 1029 1548 Plautinis
1042 1482 1153 1548 uerbis
1175 1486 1259 1565 Ταφ.
1273 1488 1362 1549 Μεν.
1378 1552 1392 1580 0

238 1582 309 1647 VH
330 1583 478 1669 repetitis
500 1605 533 1646 u.
550 1581 661 1647 adnot.
685 1584 728 1647 ad
749 1583 781 1647 h.
797 1583 820 1648 l.
834 1622 878 1634 —
900 1584 1021 1669 Sexag.
1037 1584 1144 1649 XIII:
1169 1591 1266 1649 ‘adest
1284 1589 1364 1663 suas

239 1692 379 1750 inuoluta
401 1690 552 1749 snceaca’
576 1708 619 1748 ex
638 1683 726 1747 Enni
742 1693 827 1770 trag.
842 1708 875 1749 u.
891 1695 931 1757 85
948 1686 1158 1771 desumptum
1180 1696 1230 1751 est
1250 1685 1361 1752 uerbis

238 1785 295 1849 hic
309 1808 437 1872 quoque
457 1785 591 1872 paulum
606 1786 784 1850 immutatis
801 1785 918 1852 eodem
933 1786 1029 1852 modo
1046 1793 1110 1873 qub
1125 1786 1258 1853 Andab.
1270 1787 1305 1852 Π
1320 1810 1363 1852 ex

238 1885 352 1952 Plauti
364 1886 425 1951 Mil
433 1886 518 1967 uls,
527 1898 578 1958 51.
590 1888 770 1953 —Graeea
786 1888 884 1953 etiam
898 1889 933 1951 in
947 1886 1086 1953 latinum
1098 1910 1280 1954 sermonem
1289 1911 1361 1953 uer-

238 1988 298 2070 tit3
320 1988 461 2074 itaScsq.
477 1988 537 2053 IV
550 2011 592 2053 ex
607 1989 753 2075 Odyssia
768 1988 799 2053 V
815 1998 876 2059 292
894 2012 955 2076 sq.,
977 1993 1062 2072 Ταφ,
1077 1992 1166 2053 Μεν.
1181 1990 1235 2055 ΧΙ
1249 1990 1303 2054 fin.
1320 2013 1363 2055 ex

231 2088 376 2174 ‘Diphilo
399 2091 481 2154 satis
504 2088 607 2155 libere
631 2090 812 2176 expressit,
841 2112 980 2176 quorum
1005 2091 1169 2176 posterius
1200 2093 1235 2156 in
1257 2092 1360 2179 ipsius

239 2210 369 2276 quoque
390 2190 618 2256 Varroniauae
647 2191 827 2256 sententiae
857 2214 1019 2257 conexum
1046 2192 1186 2258 transiit.
1214 2232 1257 2244 —-
1284 2193 1361 2257 Pro-

239 2290 329 2356 saria
359 2278 499 2377 denique
533 2291 672 2357 aliorum
705 2293 888 2357 Varronem
919 2294 954 2357 in
986 2292 1196 2378 pedestribus
1230 2293 1362 2379 quidem

238 2392 390 2477 partibus
417 2391 584 2457 rettulisse
612 2394 791 2457 uerisimile
821 2405 886 2475 est,
922 2394 1072 2480 quamuis
1104 2403 1218 2479 poetas
1246 2404 1361 2480 utpote

239 2493 382 2558 notiores
411 2494 544 2559 afferret
571 2496 717 2580 saepius3
752 2518 835 2582 quae
864 2505 901 2560 ut
934 2495 1163 2560 discernantur
1191 2496 1257 2559 nisi
1284 2507 1362 2561 sunt

237 2593 303 2660 loci
331 2593 464 2659 aliunde
491 2595 577 2659 forte
604 2590 692 2679 noti.
718 2618 793 2660 cum
821 2596 952 2661 dicendi
969 2598 1125 2661 uarietas
1152 2594 1276 2660 nullam
1307 2596 1362 2661 hic

239 2696 458 2781 dignoscendi
480 2719 595 2761 ansam
615 2697 783 2784 praebeat,
800 2695 889 2760 nullo
905 2696 1002 2763 modo
1020 2697 1108 2762 effici
1123 2707 1241 2783 potest.
1264 2696 1361 2763 Certe
1442 2731 1444 2734 ’

237 2798 334 2862 unius
363 2808 492 2862 tantum
519 2796 584 2863 loci
610 2785 735 2863 fontem
763 2797 912 2861 indicare
945 2820 1095 2884 possum,
1129 2803 1265 2881 Γεροντ.
1293 2799 1359 2864 IV:

237 2904 319 2965 ‘cum
341 2921 491 2980 arceram,
514 2906 621 2964 sinon
643 2906 744 2982 uellet,
766 2920 827 2963 nou
847 2907 1016 2973 sterneret'‚
1040 2900 1096 2985 qui
1119 2899 1287 2963 deriuatus
1310 2909 1360 2964 est

238 3023 258 3063 e
281 2999 454 3065 duodecim
476 3000 595 3065 tabulis
620 3000 708 3087 apud
731 2997 874 3065 Gellium
898 3001 968 3064 XX
991 3010 1021 3083 1,
1045 3009 1100 3070 25:
1130 3006 1168 3063 ‘si
1188 3007 1284 3082 nolet,
1308 3022 1359 3063 ur-

237 3123 343 3166 ceram
364 3125 402 3166 ae
422 3110 571 3168 sternito&

323 3203 418 3268 Haec
445 3204 486 3268 de
514 3203 595 3268 locis
624 3202 763 3269 aliorum
791 3205 988 3291 scriptorum
1017 3227 1037 3268 a
1063 3203 1213 3269 Varrone
1240 3202 1370 3278 adlatis

237 3304 379 3369 dicenda
401 3315 509 3388 erant3
533 3303 690 3370 nonnulla
712 3327 824 3370 eorum
845 3306 912 3369 iam
927 3305 1133 3371 Ribbeckius
1148 3328 1230 3368 mus.
1245 3303 1358 3389 philol.

238 3404 274 3469 X
297 3415 358 3477 286
387 3428 446 3492 sq„
474 3405 644 3471 Vahlenus
675 3406 758 3472 soni.
786 3430 819 3492 p.
835 3415 881 3474 ,12
913 3429 994 3493 sqq„
1029 3404 1247 3470 Buechelerus
1275 3428 1358 3469 mus.

237 3505 351 3592 philol.
367 3505 451 3572 XIV
467 3516 528 3577 423
545 3530 616 3594 sqq.
632 3516 866 3592 congesserunt
888 3529 950 3571 nec
973 3509 1001 3570 si
1023 3528 1106 3592 quae
1127 3505 1163 3569 hi
1183 3506 1247 3570 uiri
1271 3506 1359 3571 docti

236 3609 303 3672 huc
327 3605 524 3673 rettulerunt
550 3610 584 3671 in
611 3610 730 3695 quibus
766 3609 808 3673 ab
837 3608 883 3672 eis
915 3607 1174 3672 dissentiendum
1200 3617 1296 3694 puto,
1321 3629 1360 3672 ea

237 3733 326 3775 nunc
347 3710 533 3789 recensebo,
557 3710 616 3773 sed
637 3710 778 3775 referam
801 3708 947 3792 legentes
971 3708 1014 3773 ad
1036 3708 1145 3774 adnot.
1162 3708 1205 3774 ad
1220 3713 1357 3787 Γεροντ.

237 3811 314 3875 XV.
351 3810 447 3875 Eum.
477 3810 608 3875 XXIV.
646 3812 736 3875 Man.
764 3811 860 3876 XIV.
898 3810 980 3877 ibid.
1012 3809 1107 3875 XVI.
1149 3811 1230 3876 ibid.
1259 3810 1358 3875 XXI.

236 3911 376 3997 Marcip.
396 3913 476 4003 VII.
499 3910 553 3976 all.
582 3912 712 3977 Graeca
741 3914 839 3997 igitur
862 3922 894 3977 et
914 3912 1051 3992 Latina,
1079 3912 1115 3975 in
1143 3912 1280 3999 poeticis
1303 3934 1357 3997 pe·
1452 3938 1458 3949 ¹

237 4013 469 4100 destribusque
490 4013 655 4100 partibus,
685 4014 796 4079 uerbis
818 4012 873 4077 uel
896 4013 1036 4079 seruatis
1059 4012 1113 4076 uel
1134 4012 1266 4099 paulum
1288 4034 1357 4075 mu·
1443 4027 1447 4034 ·
1544 4019 1552 4035 '

235 4114 328 4193 tatis,
350 4114 481 4179 nomine
503 4115 645 4181 auctoris
669 4115 820 4201 apposito
841 4114 895 4179 uel
918 4115 1056 4195 omisso,
1080 4114 1138 4177 sed
1157 4114 1226 4178 fere
1248 4112 1359 4177 omnia

236 4215 348 4303 quoad
362 4237 534 4302 possumus
559 4216 722 4303 dispicere
746 4216 789 4280 ab
810 4216 893 4301 ipsis
910 4214 1128 4279 Varronianis
1151 4211 1241 4277 nulla
1262 4213 1357 4297 graui

236 4318 501 4403 interpunctione
529 4328 704 4403 segregata
725 4317 783 4382 sed
805 4316 841 4379 in
863 4316 1041 4381 sententias
1065 4317 1134 4381 eius
1158 4322 1293 4400 accepta
1313 4313 1356 4380 ab

236 4441 275 4483 eo
299 4418 450 4484 adhibita
470 4418 631 4484 uidemus.

323 4518 473 4585 Alteram
493 4521 594 4587 uerbo
609 4522 675 4585 iam
691 4522 785 4605 tetigi
801 4519 1036 4608 quaestionem,
1051 4529 1163 4584 utrum
1177 4539 1238 4582 sua
1252 4516 1356 4604 ipsius

235 4622 384 4687 carmina
399 4621 584 4707 apartibus
599 4621 807 4708 pedestribus
823 4623 919 4707 graui
941 4641 1070 4708 semper
1092 4620 1356 4708 interpunctione
