3559 5709
341 728 383 793 70
813 729 942 785 GAPVT
970 729 993 786 11

341 895 464 961 uiuidis
487 893 552 957 illis
580 897 664 975 Ταφ.
687 897 775 955 Ma
792 892 894 977 XXI)
918 902 1003 972 sunt,
1027 893 1348 958 commemorandum
1364 893 1461 976 duco:

342 1000 386 1064 cf.
412 989 581 1078 Ἁνθρωπ.
605 996 651 1060 II.
687 994 778 1059 Idem
807 990 911 1079 A.q.
934 994 972 1057 T.
996 994 1024 1058 I.
1061 994 1154 1079 Sesq.
1176 994 1236 1059 IV.
1274 994 1396 1079 Sexag.
1417 995 1461 1059 X.

349 1099 461 1182 Tptod.
478 1098 537 1163 IV.
554 1135 596 1145 —-
618 1096 757 1160 Eumen.
774 1097 842 1161 III:
869 1102 1110 1160 ‘coriusalmum
1125 1107 1193 1160 tuus
1216 1101 1353 1177 deponit
1377 1096 1462 1182 quod

343 1211 393 1266 ost
416 1200 538 1266 ‘corius
562 1208 637 1262 tuus
660 1198 744 1262 beno
765 1196 948 1283 uapulauit'
977 1218 997 1261 a
1019 1196 1228 1282 simplicitate
1248 1197 1284 1262 in
1305 1197 1463 1263 comicam

344 1311 471 1391 partem
499 1309 612 1385 aperto
641 1298 796 1380 discedit3
832 1298 918 1362 addo
946 1296 1134 1362 Plautinam
1161 1298 1301 1362 formam
1329 1298 1462 1363 ‘corius'

344 1404 424 1469 alibi
446 1401 648 1466 inusitatam.
668 1438 711 1447 -
732 1400 812 1463 ibid.
830 1400 879 1464 IV
900 1397 1098 1466 uocabulum
1120 1404 1295 1465 ‘vellicant'
1317 1399 1463 1465 inaudite

344 1504 379 1568 in
401 1504 466 1568 fine
494 1502 625 1566 demum
653 1501 833 1564 sentcntiae
860 1500 1054 1565 collocatum
1082 1500 1169 1587 quod
1196 1500 1310 1567 debuit
1337 1523 1411 1565 esse
1431 1502 1464 1565 in

344 1605 457 1685 initio,
490 1600 651 1687 simulque
684 1600 897 1666 artificiosum
931 1602 1012 1687 illud
1047 1606 1179 1679 ‘fricorc
1213 1611 1322 1667 torret’
1360 1601 1464 1667 locum

345 1705 454 1770 reddit
475 1693 650 1789 poeticum.
677 1740 711 1747 —
737 1703 818 1768 ibid.
834 1704 935 1768 XVI:
961 1707 1074 1780 ‘ferro'
1098 1704 1229 1769 omnino
1252 1702 1409 1769 abundat
1424 1742 1465 1751 -

218 1797 228 1814 “
345 1806 427 1871 ibid.
455 1805 539 1868 XX:
576 1813 720 1883 ‘quaerat
753 1815 928 1888 coyatqoe'3
967 1804 1084 1870 horum
1116 1806 1292 1870 uerborum
1327 1804 1466 1870 alterum

347 1916 626 1993 superuacaneum
654 1916 720 1989 ost3
750 1906 807 1970 sed
837 1915 869 1970 et
898 1912 1020 1970 ‘terror'
1048 1906 1218 1990 genetiuus
1228 1906 1254 1991 ¹)
1285 1916 1366 1971 tunc
1388 1917 1465 1971 tem·

346 2009 435 2094 poris
463 2008 498 2070 in
532 2007 624 2092 poesi
656 2016 785 2071 tantum
818 2006 968 2072 adhiberi
1000 2008 1118 2094 potuit.
1149 2046 1184 2055 -
1213 2006 1295 2073 ibid.
1325 1995 1467 2071 XXXI:

349 2118 488 2188 ‘propter
509 2115 652 2173 uolitans'
676 2109 771 2173 tmesi
800 2108 984 2174 seiunctum
1011 2109 1136 2194 poesim
1163 2108 1299 2175 indicat.
1319 2147 1362 2156 -
1385 2108 1465 2175 ibid.

347 2209 484 2273 XXXV
506 2219 620 2295 quater
642 2211 816 2295 repetitum
838 2214 916 2274 ‘tibi'
938 2234 972 2273 m
987 2209 1117 2297 eloquio
1139 2210 1281 2275 maxime
1303 2211 1468 2276 concitato

348 2320 380 2374 et
402 2310 449 2394 fg.
470 2332 518 2397 sq.
538 2311 749 2376 artificiosum
771 2310 855 2375 illud
876 2316 945 2391 ‘per
968 2332 1035 2376 ossa
1049 2318 1183 2377 cornuis'
1206 2312 1336 2397 poetica
1351 2311 1468 2396 sunt.²)

346 2451 388 2460 -
409 2412 488 2477 ibid.
512 2412 687 2477 XXXIX:
713 2419 810 2477 ‘oetas
831 2434 912 2493 quoe
933 2419 1183 2478 adulescente'um’
1208 2413 1386 2479 artificiose
1406 2436 1467 2500 pro

349 2522 445 2599 ‘quac
468 2523 558 2578 aetas
580 2511 746 2578 iuuenilis'
769 2515 915 2599 positum
937 2523 997 2579 est.
1025 2551 1067 2560 -
1088 2513 1168 2578 ibid.
1192 2513 1302 2579 XLV:
1326 2522 1468 2581 ‘exterri-

348 2626 410 2679 tum
439 2617 619 2690 formidine
657 2616 824 2699 copiosam
856 2637 994 2700 poeseos
1028 2615 1253 2680 Varronianae
1285 2616 1470 2682 ubertatem

351 2714 507 2780 ostendit.
523 2753 564 2762 —
587 2718 724 2795 Γεροντ.
748 2716 816 2781 XI:
850 2726 925 2781 ‘una
943 2722 1111 2798 oranario'
1134 2714 1237 2782 libero
1265 2716 1391 2798 dicitur
1409 2740 1469 2804 pro

350 2816 492 2901 ‘singula
513 2817 691 2901 granaria’.
715 2856 756 2866 -
777 2818 859 2882 ibid.
882 2818 987 2882 XIII:
1013 2825 1195 2898 ‘pascantur
1216 2829 1308 2898 atquc
1329 2826 1469 2885 alantur’

350 2918 462 2983 eadem
497 2930 548 2984 ost
580 2919 717 2984 ubertas·
754 2942 838 3005 quae
872 2920 1010 2984 Eumen.
1039 2919 1120 2983 XX.
1153 2957 1196 2968 -
1231 2918 1325 2986 Glor.
1354 2920 1387 2985 I:
1428 2928 1470 3013 [in

350 3026 469 3085 theatro
481 3058 522 3069 -
534 3028 772 3087 concucurristr's
787 3026 893 3102 domu,
909 3027 1082 3086 -domum
1097 3032 1130 3085 ut
1139 3024 1253 3097 seratis
1266 3042 1301 3085 ec
1316 3025 1469 3105 Μίνως

349 3122 501 3206 repetitio
524 3123 701 3188 uerborum
715 3123 749 3185 in
764 3144 863 3207 prosa
877 3123 1075 3209 importuna,
1091 3120 1270 3188 tolerabilis
1294 3122 1329 3185 in
1351 3145 1470 3206 nersu3

351 3230 384 3285 ‘o
411 3228 481 3302 me’‚
510 3244 583 3286 cum
613 3233 768 3309 sequatur
795 3229 886 3302 ‘quoe
909 3227 1013 3300 seram
1044 3223 1170 3311 [animo]
1201 3229 1360 3302 ipnoscite’
1389 3225 1471 3290 satis

351 3324 508 3388 abundat.
525 3324 760 3415 Fragmentum
781 3323 994 3410 prologorum
1016 3326 1215 3390 comicorum
1236 3323 1387 3390 habitum
1400 3325 1472 3389 imi-

349 3435 450 3490 tatur.
472 3465 515 3473 -
536 3425 617 3492 ibid.
641 3428 693 3491 II:
725 3436 804 3492 ‘cam
825 3466 868 3473 ——
889 3433 1042 3493 combusto
1069 3438 1114 3490 est
1139 3465 1173 3473 —
1200 3433 1381 3506 clautrasque
1401 3449 1472 3493 con·

351 3539 470 3607 sumpto
492 3538 559 3611 est’3
588 3528 762 3613 repetitum
785 3534 858 3592 ‘est'
882 3530 1007 3614 poesim
1034 3527 1177 3609 indicat3
1205 3526 1248 3591 cf.
1264 3529 1413 3609 Κοσμοτ.
1429 3530 1472 3592 V.

351 3664 393 3674 —
416 3626 529 3692 Γνώθ.
554 3643 584 3691 σ.
607 3629 659 3693 Il:
690 3637 733 3694 ‘tn
757 3637 867 3695 malum
890 3636 962 3694 olte'
986 3638 1019 3694 et
1040 3633 1171 3709 ‘penitas
1186 3650 1247 3709 per
1268 3650 1383 3709 aquam
1399 3652 1473 3711 per-

352 3736 496 3809 spiciant’
520 3740 733 3794 coaceruatae
758 3742 835 3796 sunt
857 3730 1034 3796 earundem
1049 3753 1158 3795 rerum
1173 3732 1415 3818 expressiones.
1435 3769 1471 3779 -

352 3830 433 3895 ibid.
449 3829 512 3894 IV:
539 3838 698 3895 ‘arenarum
720 3839 814 3896 rinos'
837 3855 897 3918 pro
921 3830 1061 3919 simplici
1083 3836 1221 3896 bonas&
1244 3867 1286 3877 -
1308 3832 1392 3898 ibid.
1405 3834 1472 3899 VI:

353 3937 469 3997 ‘sidera
490 3939 570 3997 caeli
591 3939 716 4015 diunm',
740 3935 947 4000 coaceruatio
970 3955 991 3998 a
1003 3956 1111 4019 ¹prosa
1133 3933 1250 3998 aliena.
1265 3970 1304 3981 —
1322 3933 1405 3999 ibid.
1420 3934 1473 3998 X:

438 4156 466 4222 l)
484 4157 627 4207 Eiusmodi
650 4157 772 4222 genetiui
797 4158 826 4206 in
849 4160 890 4206 -ai
914 4160 1047 4207 exeuntes
1074 4161 1221 4221 praeterea
1249 4157 1278 4205 in
1306 4157 1411 4208 saturis
1434 4156 1475 4208 le-

354 4248 454 4310 guntur
471 4244 593 4307 Κασμοτ.
612 4242 636 4291 V
654 4243 788 4304 ‘militiai’3
807 4243 899 4291 Parm.
918 4240 932 4291 Ι
950 4242 1053 4306 ‘sapuit

437 4327 464 4389 2)
483 4327 606 4389 Quartae
625 4325 823 4383 declinationis
842 4326 988 4390 genetiuus
1011 4327 1040 4374 in
1058 4327 1112 4375 -uis
1137 4330 1283 4388 excuntes,
1307 4340 1376 4391 quos
1398 4325 1476 4377 solos

353 4413 504 4480 Varronem
522 4425 671 4476 usurpasse
690 4410 797 4460 Gellius
815 4410 853 4460 IV
873 4411 919 4468 16,
939 4412 953 4460 1
973 4409 1070 4471 tradit,
1089 4410 1118 4460 in
1137 4412 1238 4462 saturis
1256 4411 1476 4486 praeternauha·¹

356 4492 451 4545 bemus
465 4497 568 4559 partitis
582 4494 663 4559 (And.
675 4493 750 4556 VII),
767 4496 878 4557 sarcinis
893 4493 967 4558 (Mel.
981 4495 1005 4543 I.
1026 4496 1102 4559 Ταφ.
1115 4494 1200 4560 XIV),
1213 4497 1311 4546 mamas
1323 4494 1427 4559 (Proin.
1440 4495 1476 4559 1),

354 4580 456 4630 cornuis
479 4579 566 4643 (Sosq.
590 4579 656 4642 VI),
685 4580 791 4629 domnis
804 4576 897 4643 (Ταφ.
916 4579 978 4641 V1)3
1002 4579 1142 4629 inuenitur
1165 4584 1258 4631 nutem
1279 4582 1374 4645 sumpti
1392 4577 1475 4644 (Bim.

354 4662 451 4727 XXV),
470 4665 569 4729 quaesti
586 4662 686 4726 (Prom.
705 4662 755 4727 IX)
775 4667 808 4731 et
820 4664 887 4713 domi
904 4670 966 4721 tuoe,
982 4662 1062 4727 (Bim-
1081 4664 1140 4725 VI).
