3559 5709
798 682 925 738 capvt
955 683 965 738 l

480 852 531 912 21.
555 842 731 930 Caprinum
753 843 912 929 proelium
936 842 1028 928 (περὶ
1049 838 1189 934 ἡδονῆς)

480 955 531 1015 22.
554 944 730 1010 Columnae
752 946 905 1010 Herculis
930 944 1022 1031 (περὶ
1046 943 1157 1036 δόξης)

481 1056 531 1117 23.
555 1048 685 1135 Cycnus
710 1044 800 1131 (περὶ
822 1050 943 1133 ταφῆς)

479 1159 530 1220 24.
553 1148 764 1215 Desultorius
789 1135 879 1232 (περὶ
903 1154 1085 1235 πειρατῶν)

478 1261 529 1323 25.
551 1252 684 1316 Dcuieti
707 1247 798 1337 (περὶ
820 1253 1023 1333 φιλονικίας)

480 1362 531 1424 26.
551 1344 735 1436 Ἑκατόμβη
760 1348 850 1439 (περὶ
872 1354 1021 1439 θυσιῶν)

478 1465 530 1527 27.
553 1455 792 1541 Epitaphiones
818 1451 909 1539 (περὶ
930 1451 1064 1537 τάφων)

477 1566 528 1630 28.
552 1558 614 1622 Est
634 1556 752 1622 modus
774 1556 916 1622 matulae
940 1553 1029 1640 (περὶ
1050 1557 1170 1644 μέθης)

480 1669 531 1730 29.
554 1642 671 1741 Εὗρεν
691 1648 711 1741 ή
735 1650 841 1732 λοπὰς
863 1652 901 1722 τὸ
924 1661 1023 1741 πῶμα
1046 1657 1138 1743 (περὶ
1160 1659 1417 1746 γεγαμηκότων)
1442 1726 1445 1729 ,

479 1769 530 1832 30.
544 1752 630 1842 ’Έχω
653 1775 691 1824 σε
715 1758 806 1847 (περὶ
828 1757 942 1847 τύχης)

481 1864 531 1932 31.
545 1859 631 1937 Ἕως
653 1857 733 1927 πότε
756 1859 848 1945 (περὶ
870 1852 982 1949 ὥρων)

480 1974 531 2036 32.
555 1961 670 2030 Gloria
693 1962 783 2049 (περὶ
805 1963 959 2049 φθόνον)

481 2075 532 2137 33.
555 2060 799 2150 Κοσμοτορύνη
824 2062 915 2151 (περὶ
938 2067 1072 2150 φθορᾶς
1095 2062 1240 2154 κόσμου)

482 2177 531 2239 34.
554 2168 751 2255 Marcopolis
777 2164 868 2252 (περὶ
891 2160 1007 2252 ἀρχῆς)

482 2279 533 2341 35.
555 2270 708 2337 Mutuum
730 2269 810 2336 muli
832 2272 972 2336 scabunt
998 2268 1090 2355 (περὶ
1111 2275 1296 2356 χωρισμοῦ)

483 2380 533 2442 36.
558 2372 749 2458 Octogcssis
774 2368 865 2457 (περὶ
887 2369 1118 2457 νομισμάτων)

482 2482 533 2544 37.
555 2473 765 2560 Papiapapae
790 2471 880 2559 (περὶ
902 2472 1091 2561 ἐγκωμίων)

483 2584 533 2646 38.
555 2576 749 2656 Περιπλοῦς
790 2575 898 2660 (libris
936 2578 1063 2642 duobus
1097 2586 1269 2658 constans,
1309 2601 1452 2665 quorum

616 2678 780 2761 posterior
803 2687 853 2742 cst
876 2674 953 2760 περὶ
974 2679 1193 2761 φιλοσοφίας)

482 2786 532 2849 39.
556 2776 739 2843 Pseudulus
763 2778 882 2865 Apollo
907 2776 997 2862 (περὶ
1019 2780 1111 2843 θεῶν
1134 2773 1362 2867 διαγνώσεως)

482 2887 533 2949 40.
557 2878 716 2945 Serranus
741 2877 831 2963 (περὶ
855 2877 1090 2967 ἀρχαιρεσιῶν)

482 2992 532 3051 41.
559 2979 762 3065 Συνέφηβος
787 2980 878 3068 (περὶ
900 2984 1060 3067 ἐμμονής)

483 3076 719 3152 42.’Τί41]οηοα
745 3080 836 3168 (περὶ
858 3083 983 3170 γήρως)

483 3193 534 3255 43.
562 3184 630 3247 Τοῦ
652 3177 776 3268 πατρὸς
798 3178 835 3248 τὸ
858 3187 995 3249 παιδίον
1019 3183 1109 3271 (περὶ
1132 3187 1362 3274 παιδοποιίας)

484 3287 737 3370 44.’Τριοόίτης
759 3287 934 3369 τριπύλιος
957 3284 1047 3373 (περὶ
1070 3280 1188 3370 ἄρετής
1211 3284 1373 3374 κτήσεως)

484 3399 535 3458 45.
564 3389 754 3470 Τρίφαλλος
777 3386 868 3472 (περὶ
890 3380 1127 3472 οἷρρινότητος)

483 3501 533 3560 46.
557 3490 688 3555 Vinalia
713 3487 804 3576 (περὶ
826 3484 1063 3576 ἀφροδισίων).

365 3669 368 3674 ⁸
415 3593 498 3657 Cum
526 3601 636 3656 autem
663 3604 809 3659 saturam
838 3592 977 3659 duorum
1005 3593 1165 3658 librorum
1192 3594 1227 3657 in
1253 3594 1316 3661 hoc
1337 3595 1450 3663 indice

330 3692 624 3781 deprehendamus,
648 3696 745 3761 etiarn
768 3705 834 3761 tres
857 3695 958 3761 libros
976 3705 1121 3761 saturam
1136 3695 1292 3761 habuisse
1309 3720 1376 3763 non
1391 3722 1453 3785 per

331 3821 366 3862 se
388 3795 604 3884 improbabile
627 3806 687 3861 est.
722 3797 818 3878 Quod
840 3798 942 3882 igitur
958 3796 1125 3862 Charisius
1141 3820 1173 3884 p.
1191 3806 1252 3869 189
1268 3799 1458 3880 Varronem,

331 3906 374 3964 ‘e'a
389 3902 446 3963 III
465 3894 539 3979 περὶ
556 3896 787 3982 χαρακτήρων
810 3899 935 3981 laudat,
958 3921 1077 3984 graeca
1098 3900 1311 3986 inscriptione
1334 3911 1453 3966 satura

330 4004 365 4066 ni
387 4001 484 4067 fallor
506 3999 687 4082 indicatur,
716 4024 814 4088 quam
835 4002 964 4066 nominc
987 4011 1115 4066 tantum
1138 4001 1240 4066 altero
1264 4001 1318 4065 ille
1340 4003 1451 4070 breui-

330 4106 407 4170 tatis
430 4104 464 4168 in
486 4101 590 4168 titulis
612 4104 709 4166 nimis
733 4103 901 4168 studiosus
924 4104 1019 4168 affert
1041 4102 1099 4189 (cf.
1121 4113 1232 4167 tamen
1253 4126 1285 4189 p.
1302 4104 1370 4188 44).

483 4216 535 4276 47.
621 4206 638 4270 ‘l
726 4204 817 4288 (περὶ
839 4203 1085 4289 χαρακτήρων).

415 4308 515 4372 Porro
537 4308 623 4372 inter
638 4316 768 4371 saturas
784 4306 857 4371 illas
881 4316 970 4387 ‘quas
992 4314 1049 4371 αἰίι·
1068 4314 1201 4388 epolono,
1226 4315 1291 4387 ipse
1312 4316 1453 4387 appellat

331 4412 526 4489 Menippeas'
550 4410 672 4495 optimo
694 4409 764 4473 iure
780 4407 948 4474 Vahlenus
972 4432 1084 4475 omnes
1107 4408 1208 4474 libros
1230 4407 1370 4489 rettulit,
1393 4411 1453 4496 qui

331 4511 520 4598 cynicorum
535 4512 733 4577 mentionem
754 4512 790 4574 in
805 4510 1018 4596 inscriptione
1041 4510 1164 4576 habent
1188 4510 1244 4594 (cf.
1257 4499 1451 4573 Ἱπποκόων

333 4623 366 4678 et
384 4602 576 4695 ’Υδροκύων
597 4614 663 4677 iam
684 4613 884 4698 memorati):
