3559 5709
330 716 373 779 44
805 717 931 772 ctnvr
960 718 969 770 l

331 891 488 970 exparte
511 880 692 946 certissimo
715 879 842 961 ordine)
874 879 994 944 saturis
1017 878 1218 963 Marcipore,
1248 877 1446 958 AndabatiS,

330 984 515 1073 Mysteriis,
539 982 729 1065 Agathone,
754 980 1040 1066 Quinquatrubus,
1065 978 1348 1065 Endymionibus,
1372 980 1446 1044 Vir-

331 1087 410 1171 gula
425 1084 546 1165 diuina,
570 1077 922 1167 Γεροννοδιὸασκάλῳ,
945 1082 1160 1163 Parmenone,
1181 1080 1340 1146 Hercules
1358 1091 1448 1146 tuam

329 1188 438 1268 fidem,
462 1183 648 1269 Meleagris,
677 1186 774 1269 Ταφῇ
790 1185 985 1265 Μενίππου,
1009 1181 1233 1269 Sesqueulixe,
1257 1182 1447 1269 Sexagessi,

332 1290 445 1353 Γνῶθι
467 1284 629 1366 σεαυτόν,
652 1285 890 1350 Eumenidibus
915 1296 948 1350 et
970 1285 1115 1349 incertae
1137 1284 1224 1350 sedis
1246 1284 1337 1370 Lege
1359 1286 1447 1351 Mac-

329 1392 398 1469 nia,
430 1387 534 1453 altera
562 1409 640 1451 uero
668 1388 836 1468 Bimarco,
859 1387 1002 1451 Hercule
1025 1386 1209 1468 Socratico,
1231 1387 1356 1469 Manio,
1380 1388 1447 1452 Mo·

330 1491 400 1573 dio,
426 1482 526 1564 ’Όνος
555 1487 669 1570 λύρας.
716 1488 862 1553 Tertiam
891 1498 1000 1553 autem
1028 1488 1145 1552 seriem
1172 1487 1337 1554 nonnullis
1366 1488 1449 1556 locis

330 1591 601 1679 deprehendimus
616 1600 806 1655 saturarum
815 1590 903 1654 binis
919 1590 1187 1675 inscriptionibus
1203 1590 1448 1675 insignitarum,

329 1716 468 1781 quarum
489 1692 647 1757 memoria
670 1713 743 1755 cum
766 1714 831 1756 non
854 1700 921 1754 tam
943 1690 1096 1777 frequens
1120 1693 1172 1773 sit,
1195 1691 1258 1756 hoc
1276 1715 1379 1756 unum
1402 1694 1449 1757 af·

330 1795 452 1859 firmari
468 1802 586 1880 potest,
602 1791 813 1875 Flaxtabula,
830 1792 1002 1873 Deuictos,
1026 1792 1238 1877 Aborigines,
1253 1793 1316 1857 Est
1331 1794 1448 1860 modus

330 1894 472 1962 matulae
494 1895 556 1959 hoc
579 1918 650 1959 sese
666 1894 780 1960 ordine
796 1895 830 1957 in
845 1894 943 1957 Nonii
966 1894 1057 1959 fonte
1080 1894 1260 1979 excepisse.
1306 1894 1359 1960 Of.
1385 1895 1449 1960 dis-

329 1999 533 2085 putationem
560 2018 663 2083 meam
692 2017 791 2081 supra
812 2005 1026 2059 memoratam
1049 2005 1081 2060 et
1102 1996 1277 2081 praecipue
1300 1996 1449 2061 tabulam

330 2098 494 2179 additam,
539 2120 603 2182 qua
636 2096 734 2163 Nonii
771 2097 1039 2181 compositionem
1075 2095 1241 2161 illustrare
1278 2099 1449 2183 temptaui.

330 2201 455 2265 Nonius
491 2199 592 2283 igitur
625 2198 771 2264 fontibus
809 2219 887 2261 usus
918 2208 968 2262 est
993 2198 1114 2283 partim
1143 2199 1199 2284 qui
1226 2207 1357 2262 saturas
1385 2222 1449 2264 uno

330 2302 460 2367 nomine
490 2300 659 2380 afferrent,
688 2299 808 2384 partim
832 2300 888 2384 qui
912 2298 1049 2364 duobus.
1095 2297 1160 2364 Sed
1181 2299 1267 2364 hanc
1290 2301 1450 2385 posterio·
1484 2329 1486 2336 ·

330 2426 399 2469 rem
426 2414 554 2489 partem
582 2400 694 2466 titulos
724 2401 765 2465 ab
793 2402 865 2486 ipso
888 2400 1038 2464 Varrone.
1067 2399 1190 2465 alienos
1217 2400 1354 2465 laudare
1378 2400 1450 2466 luce

331 2505 368 2569 fit
391 2502 511 2569 clarius
541 2501 727 2567 testimonio
752 2500 865 2581 Gellii,
896 2502 1065 2587 scriptoris
1094 2502 1129 2564 in
1157 2500 1262 2567 titulis
1290 2501 1452 2568 librorum

331 2628 412 2692 quos
445 2605 516 2690 ipse
546 2603 693 2688 inspexit
726 2602 952 2667 describendis
986 2603 1136 2690 inprimis
1171 2602 1230 2667 fidi
1263 2612 1297 2669 et
1329 2604 1452 2690 integri

333 2707 447 2792 (cuius
464 2703 562 2770 fideni
584 2703 770 2790 nuperrime
785 2703 989 2770 Mercklinus
1013 2705 1077 2770 ‘die
1100 2704 1358 2771 Citiermethode
1380 2728 1451 2792 sqq.

333 2808 389 2873 des
413 2810 454 2872 A.
478 2806 618 2873 Gellius’
641 2829 674 2892 p.
698 2814 757 2877 681
783 2829 831 2892 sq.
853 2804 1006 2871 laudibus
1029 2807 1178 2894 extulit),
1208 2808 1265 2893 qui
1287 2807 1375 2871 inter
1397 2807 1451 2872 de·
1496 2818 1504 2831 “

332 2934 401 2975 cem
424 2932 504 2997 quas
529 2908 654 2999 profert
677 2916 806 2972 saturas
831 2908 955 2972 nullam
977 2908 1115 2973 duarum
1142 2908 1243 2974 habet
1264 2909 1451 2997 inscriptio-

332 3035 425 3094 num,
439 3034 450 3048 ‘
463 3012 512 3075 ita
542 3018 580 3074 ut
607 3008 712 3097 neque
740 3012 929 3095 Σκιαμαχία
958 3009 1096 3074 alterum
1121 3008 1204 3074 illud
1233 3006 1310 3092 περὶ
1337 3009 1452 3094 τύφου
1495 3002 1499 3006 ’

332 3136 436 3199 neque
458 3151 501 3164 —-
523 3111 612 3198 quod
635 3113 753 3175 summi
780 3114 937 3177 momenti
959 3123 1009 3177 est
1030 3151 1074 3160 —
1094 3112 1308 3178 Testamento
1338 3115 1453 3199 (quam

332 3208 478 3279 saturam
491 3214 559 3277 suis
576 3236 610 3276 se
627 3211 729 3278 oculis
755 3219 868 3278 ‘hodie’
891 3214 1077 3299 inspexisse
1099 3222 1241 3279 testatur
1256 3213 1311 3279 ΙΙΙ
1327 3223 1379 3297 16,
1398 3218 1452 3303 13)

325 3316 520 3392 ¹Nonianum
543 3311 619 3396 περὶ
641 3313 815 3396 διαθηκῶν
837 3314 1014 3379 addiderit.
1058 3315 1098 3379 In
1119 3315 1215 3380 huius
1237 3316 1339 3400 igitur
1362 3319 1453 3381 testi-

334 3420 443 3483 monio
478 3428 602 3482 stamus
637 3415 822 3503 alterasque
853 3417 912 3480 has
946 3416 1176 3503 inscriptiones
1220 3418 1319 3504 (quae
1353 3418 1454 3483 etiam

331 3516 643 3605 plerumque'nimis
667 3519 751 3583 serie
774 3529 806 3583 et
834 3520 904 3583 fere
925 3519 1089 3604 morose¹)
1122 3519 1173 3583 his
1201 3519 1293 3585 libris
1322 3519 1453 3585 festiui-

331 3630 397 3685 tate
421 3621 551 3685 refertis
574 3621 721 3686 adiectae
744 3620 867 3704 forent)
890 3643 911 3683 a
930 3623 1143 3705 grammatico
1164 3621 1307 3708 quodam
1320 3619 1455 3699 {illustri

333 3722 379 3786 eis
408 3721 543 3803 saturis,
568 3744 648 3807 quas
677 3722 761 3788 forte
790 3723 935 3787 nancisci
957 3733 1100 3808 poterat,
1135 3722 1323 3810 explicandi
1352 3746 1456 3789 causa

332 3823 516 3910 adscriptas
540 3825 712 3888 credimus.
764 3825 918 3911 Quinque
948 3825 1080 3912 quidem
1108 3826 1226 3890 saturis
1258 3824 1336 3911 (nisi
1366 3826 1455 3891 forto

331 3926 388 3991 illa
409 3926 508 3991 trium
530 3923 688 3992 librorum
711 3923 786 4007 περὶ
808 3924 1028 4010 χαρακτήρων
1057 3950 1077 3991 a
1099 3927 1248 3992 Charisio
1271 3936 1456 3991 memorata

223 4071 236 4115 ‘.
333 4028 468 4094 alteram
490 4022 606 4092 habuit
627 4028 872 4114 inscriptionem
887 4028 1137 4114 praecedentem
1153 4051 1173 4092 a
1188 4027 1338 4093 Charisio
1355 4028 1455 4093 omis·

333 4154 418 4213 sam,
453 4138 493 4193 ut
522 4149 556 4191 π.
579 4152 650 4211 χαρ.
675 4131 888 4213 grammatico
919 4130 1094 4213 debeatur,
1129 4153 1225 4217 quem
1254 4141 1330 4196 ante
1353 4131 1457 4195 finem

334 4234 400 4296 iam
423 4229 545 4296 saeculi
568 4253 600 4316 p.
624 4227 683 4294 Ch.
708 4232 843 4297 secundi
871 4243 951 4297 tunc
979 4231 1191 4298 statuendum
1221 4234 1283 4296 erit
1310 4232 1454 4317 uixisse)

309 4334 403 4424 'ipse
418 4334 524 4398 Varro
540 4333 652 4398 titulos
678 4330 753 4414 περὶ
774 4356 855 4399 uoce
877 4334 1072 4421 incipientes
1091 4373 1125 4381 -
1144 4334 1194 4398 his
1211 4344 1323 4399 autem
1345 4334 1455 4401 nullos

419 4572 447 4637 1)
466 4575 615 4623 Monstrum
633 4590 722 4638 paene
736 4575 925 4640 inscriptionis
938 4576 990 4627 hoc
1003 4578 1090 4641 ipsum
1103 4577 1312 4626 Testamentum
1324 4576 1455 4641 praebet,
1477 4637 1479 4642 Ι

333 4658 357 4709 si
376 4652 403 4708 ei
421 4658 530 4708 additur
548 4656 613 4724 περὶ
632 4655 795 4724 διαθηκῶν.
