3559 5709
738 707 862 763 CAPVT
892 709 903 764 l
1278 717 1281 722 '
1340 706 1381 770 21

260 873 326 938 imo
350 872 427 936 licet
449 871 586 936 stoicam
615 869 823 956 disciplinam
853 869 934 935 duce
956 872 1079 937 uirtute
1107 872 1271 939 conditam
1293 874 1382 941 dicat

260 985 294 1040 et
323 973 477 1039 nobilem*
498 972 605 1058 (Sesq.
636 972 788 1055 XXIV),
822 973 857 1035 in
890 973 1036 1038 eiusdem
1064 983 1175 1040 tamen
1202 986 1381 1043 sectatores

258 1077 352 1142 iocos
374 1074 501 1162 profert
522 1072 611 1138 haud
633 1073 730 1139 nimis
753 1073 953 1149 laudatorios
978 1075 1105 1161 (Longe
1124 1076 1212 1161 fugit
1227 1078 1272 1142 ΙΙ.
1295 1079 1382 1144 Mar-

259 1177 367 1264 oopol.
393 1178 424 1265 I)
447 1175 585 1263 parique
607 1184 700 1241 aceto
723 1175 941 1241 Academicos
965 1176 1069 1265 (Sesq.
1084 1178 1194 1263 ibid),
1217 1180 1382 1267 Pythago-

259 1302 334 1345 reos
352 1278 509 1365 (Eumens
522 1276 670 1365 XVIII),
692 1277 834 1343 fortasse
858 1278 957 1343 etiam
976 1279 1211 1365 Empedoclem
1228 1282 1382 1365 (Eumen.

259 1382 361 1467 XIV)
377 1380 563 1467 perfundit3
586 1380 691 1445 itaut
713 1402 772 1445 suo
795 1379 865 1444 iure
888 1389 921 1446 et
942 1402 1016 1445 cum
1038 1380 1172 1468 reliquis
1188 1382 1380 1467 fragmentis

260 1482 469 1550 concinentia
489 1481 571 1547 haec
600 1482 783 1569 scripserit:
819 1487 983 1562 ‘postremo
1014 1504 1101 1549 nemo
1127 1497 1272 1564 oeqrotar
1299 1494 1381 1566 quic-

259 1608 351 1667 quam
371 1592 503 1650 somniat
526 1589 601 1648 Tum
623 1587 803 1663 infandum,
827 1592 910 1664 qood
931 1606 993 1653 noa
1013 1593 1125 1665 aliquis
1147 1593 1231 1651 dicat
1249 1592 1380 1668 philoro

256 1694 362 1769 ptus!
392 1686 544 1773 (Eumen.
567 1685 659 1772 XV).
704 1686 853 1767 Quocum
882 1707 947 1749 non
974 1696 1100 1772 pugnat
1123 1688 1211 1775 quod
1234 1711 1377 1754 nonnun-

259 1813 359 1877 quam
375 1788 481 1875 (Sesq.
496 1786 577 1853 ibid.
599 1808 633 1851 π.
650 1786 714 1871 αίρ.
731 1789 774 1875 Ι.)
799 1785 839 1851 de
854 1786 984 1874 placitis
1001 1811 1113 1854 eorum
1137 1789 1300 1876 quaedam
1314 1814 1379 1856 me·

258 1914 389 1958 morare
420 1913 555 1956 necesso
587 1897 692 1978 putat.
744 1888 809 1955 Sed
842 1890 929 1955 enim
962 1913 1122 1977 quaenam
1155 1893 1287 1958 tandem
1316 1894 1381 1960 fuit

257 1992 466 2080 philosophia
497 1991 570 2075 illa,
592 2014 703 2079 quam
729 1992 764 2056 in
791 1991 862 2059 loco
892 2015 993 2079 supra
1020 1992 1118 2059 allato
1145 2004 1213 2058 tam
1236 1995 1381 2062 studiose
1477 2048 1479 2053 .

229 2081 491 2162 commendat?
542 2100 648 2159 ‘cana
689 2100 811 2160 Veritas
839 2098 954 2160 Atticas
983 2101 1200 2176 philosophiae
1235 2105 1378 2163 olamao’

260 2199 413 2285 (Eumen.
434 2196 600 2281 XLVIII)
630 2219 702 2260 cum
731 2197 773 2262 ab
796 2221 833 2262 eo
863 2206 1012 2283 putetur,
1035 2220 1100 2262 non
1123 2207 1175 2263 est
1195 2198 1261 2264 alia
1282 2224 1381 2287 quam

257 2299 373 2365 laudat
395 2309 494 2386 atque
516 2298 724 2386 philosophia
745 2297 802 2363 illa
823 2322 923 2385 quam
945 2298 1069 2364 eoaelo
1086 2298 1235 2365 Socrates
1257 2302 1292 2364 in
1314 2310 1377 2367 ter-

257 2424 329 2466 ram
352 2400 507 2483 deduxit,
537 2423 602 2488 qua
632 2401 788 2466 uirtutem
815 2401 934 2465 sectari
957 2410 989 2466 et
1010 2402 1095 2465 uitia
1115 2402 1230 2485 fugere
1253 2412 1286 2467 et
1308 2404 1376 2467 ani-

257 2527 348 2568 mum
375 2502 464 2567 nullo
492 2503 669 2568 affectuum
695 2504 821 2590 impetu
848 2504 994 2567 uinctum
1022 2503 1233 2568 turbatumue
1260 2526 1378 2589 parare

258 2605 437 2674 subtilibus
466 2604 735 2692 philosophorum
763 2604 961 2690 ambagibus
995 2603 1159 2670 derelictis
1193 2604 1378 2671 edocemur.

256 2710 423 2774 Numnam
449 2708 551 2792 igitur
578 2707 686 2773 Varro
715 2731 735 2771 a
763 2707 920 2794 Menippo
951 2706 1102 2801 diujgsus
1134 2709 1207 2772 est?
1252 2707 1378 2773 Socrati

257 2810 346 2877 enim
372 2818 509 2895 uterque
538 2808 653 2874 similis
681 2817 768 2874 reete
795 2808 931 2873 uiuendi
952 2829 1100 2872 normam
1129 2819 1305 2896 quaerunt;
1333 2811 1376 2875 cf.

256 2912 373 2999 pulcra
393 2910 451 2975 illa
474 2911 611 2996 (Agath.
635 2911 715 2996 VI):
746 2917 861 2990 ‘neque
883 2930 961 2975 auro
990 2922 1045 2976 oct
1070 2933 1182 2990 penem
1203 2923 1257 2975 aut
1278 2918 1376 2976 malti-

251 3020 334 3095 plr'ci
363 3020 489 3078 scientia
521 3017 674 3092 Sufflatus
707 3019 826 3092 quaerit
862 3016 1001 3077 Socratis
1037 3019 1202 3090 uestraene
1246 3036 1311 3099 qua
1342 3035 1377 3077 re

256 3138 364 3203 neque
387 3138 406 3180 a
428 3116 618 3201 cynicorum
646 3113 756 3179 indole
785 3136 839 3179 eos
868 3113 992 3179 alienos
1019 3113 1122 3178 fuisse
1144 3123 1299 3201 apparet,
1330 3112 1378 3178 ita

255 3227 295 3282 ut
317 3227 393 3305 apte
409 3215 632 3282 Tertullianus
655 3217 690 3279 in
712 3216 916 3303 apologetico
935 3225 973 3284 14
997 3215 1192 3280 ‘Romanum
1212 3216 1375 3301 cynicum'

256 3321 439 3384 Varronem
463 3319 593 3384 dixerit.
637 3318 693 3383 Ad
715 3342 786 3383 eam
809 3318 1016 3405 potissimum
1038 3329 1165 3404 partem
1188 3340 1226 3381 ea
1249 3339 1377 3403 quoque

255 3422 459 3508 spectauisse
482 3421 653 3485 credamus
677 3430 815 3506 oportet,
839 3420 959 3507 quibus
981 3419 1239 3506 philosophiam,
1272 3428 1308 3482 ut
1329 3419 1377 3483 ait

257 3523 373 3589 Cicero
395 3521 416 3585 l.
440 3546 468 3586 c.
491 3523 509 3586 I
531 3532 566 3595 3,
593 3531 649 3605 10,
679 3521 801 3587 ‘multis
825 3522 905 3588 locis
927 3520 1112 3602 incohauit,
1141 3520 1183 3585 ad
1210 3518 1375 3607 impellen-

256 3625 336 3689 dum
352 3625 444 3708 satis,
468 3624 510 3689 ad
526 3623 727 3688 edocendum
749 3623 919 3711 parum'.¹)
965 3623 1171 3709 Quamquam
1193 3644 1298 3707 neque
1319 3620 1377 3686 illa

253 3749 390 3814 prorsus
414 3725 532 3791 desunt
553 3747 637 3812 quae
665 3727 754 3811 ipsas
781 3724 1047 3812 philosophorum
1075 3725 1281 3812 quaestiones
1305 3734 1375 3790 tan-

263 3882 460 3894 —u—-unae

255 3988 337 4051 cipue
355 3986 550 4049 inscriptiones
569 3984 702 4048 quasdam
720 3983 901 4035 intercedere
912 3988 1006 4049 putat,
1027 3983 1154 4033 consulto
1173 4000 1190 4033 a
1202 3984 1326 4033 Varrone
1345 3986 1376 4029 ut
1401 4018 1404 4022 .

256 4071 421 4122 Cleanthem
440 4073 595 4120 sectaretur
617 4070 761 4119 institutas
786 4068 923 4130 conced03
943 4073 972 4119 et
989 4083 1060 4132 quas
1079 4084 1104 4133 p.
1124 4070 1155 4118 19
1174 4082 1235 4130 sqq.
1254 4065 1375 4130 philoso-

255 4155 333 4222 phici
351 4156 506 4220 argumenti
528 4155 685 4219 fragmenta
709 4155 832 4217 confert,
856 4170 889 4204 ea
912 4153 953 4202 nil
970 4154 1089 4217 probant
1112 4153 1166 4202 nisi
1185 4150 1257 4215 quod
1275 4149 1373 4201 Cicero

255 4242 377 4292 testatur
394 4239 493 4289 ‘multa
517 4239 641 4289 admixta
665 4255 698 4289 ex
715 4239 815 4288 intima
832 4237 1009 4303 philosophia
1017 4241 1034 4300 ’‚
1057 4252 1112 4287 non
1130 4240 1222 4286 tamen
1239 4235 1281 4284 ita
1299 4250 1372 4283 com-

254 4329 357 4391 parata
376 4328 450 4387 sunt,
469 4328 499 4373 ut
516 4324 604 4389 ipsius
617 4324 750 4373 Varronis
768 4322 951 4387 quodcunque
964 4321 1157 4387 philosophiae
1169 4323 1292 4384 systema
1309 4319 1374 4368 inde

256 4410 361 4459 elicere
380 4407 530 4458 diuinando
548 4408 645 4459 liceat.

329 4492 355 4558 1)
381 4494 430 4543 Eis
452 4493 546 4543 uerbis
569 4494 656 4542 tacite
680 4496 708 4542 et
729 4493 833 4542 urbane
857 4508 891 4542 ea
920 4490 955 4540 ad
981 4491 1082 4539 iustum
1105 4489 1213 4539 modum
1239 4505 1373 4540 reuocare

255 4578 387 4629 Ciceroni
403 4578 432 4627 in
450 4578 542 4628 animo
560 4581 615 4641 est,
639 4592 710 4642 quae
732 4577 821 4642 ipsum
839 4578 993 4628 Varronem
1013 4574 1098 4639 paulo
1124 4578 1208 4625 antea
1230 4574 1313 4624 dese
1332 4574 1373 4623 di·

255 4668 365 4713 centem
383 4662 501 4726 fecerat,
520 4677 550 4713 ss
568 4661 666 4711 ‘multa
685 4661 866 4713 admiscuisse
886 4677 920 4711 ex
939 4660 1061 4709 intIma
1077 4658 1274 4726 philosophia)
