3559 5709
626 1479 632 1488 ’
700 1521 918 1598 orrvrr

320 1727 512 1789 Saturarum
534 1747 637 1809 genus
654 1724 740 1810 quod
757 1724 901 1790 excoluit
915 1724 961 1787 M.
978 1725 1152 1787 Terentius
1168 1723 1275 1787 Varro
1290 1724 1361 1788 Rea

253 1829 342 1893 tinus
372 1825 503 1891 diuersa
530 1849 550 1889 a
572 1824 772 1912 reliquorum
801 1827 835 1889 in
864 1823 983 1890 saturis
1015 1824 1197 1889 scribendis
1226 1824 1375 1890 adhibita

253 1930 381 1994 ratione
404 1928 590 1992 constitisse
612 1949 696 1991 unus
719 1936 846 1991 tantum
870 1926 1001 1991 disertis
1024 1926 1135 1991 uerbis
1156 1911 1375 2012 nobistradi·

256 2029 305 2094 dit
329 2027 552 2109 Quintilianus
575 2029 609 2091 in
632 2019 838 2092 institutione
861 2028 1007 2093 oratoria
1028 2028 1062 2091 X
1086 2030 1115 2108 1,
1138 2036 1178 2097 93
1201 2051 1271 2113 sqq.
1294 2027 1375 2091 haec

254 2154 409 2196 narrans:
423 2143 429 2152 “
443 2134 568 2207 Ἧαῑένα
596 2136 715 2209 quietern
744 2141 807 2193 tota
836 2140 943 2210 nostra
971 2141 1028 2208 est,
1057 2138 1088 2194 in
1112 2152 1172 2209 qua
1190 2136 1309 2209 primus
1329 2136 1373 2193 in·

255 2240 370 2311 sionem
385 2238 506 2296 lauaem
530 2238 658 2311 adeptus
673 2237 808 2312 Lucilius
823 2239 970 2311 quosdam
992 2240 1036 2296 ita
1058 2238 1175 2296 deditos
1195 2238 1254 2296 sibi
1274 2237 1376 2295 adhuc

255 2341 346 2398 trahet
367 2347 535 2410 amatores,
566 2344 599 2397 ut
626 2355 691 2398 eurn
713 2354 773 2396 non
796 2338 927 2397 eiusdem
950 2340 1038 2398 modo
1065 2341 1165 2413 operis
1188 2339 1372 2411 auctoribus,
1438 2326 1443 2335 ¹

255 2442 310 2499 seri
331 2440 464 2498 omnious
482 2442 581 2514 noetis
603 2431 772 2515 praeferre
800 2459 860 2501 non
887 2431 1048 2502 dubitent..
1078 2455 1134 2513 eoo
1162 2445 1308 2513 quantum
1336 2440 1374 2498 ab

255 2544 326 2615 illis,
351 2547 467 2600 tantum
489 2541 528 2599 ab
550 2541 680 2601 Horatio
703 2545 861 2617 dissentio,
886 2546 941 2618 aui
960 2543 1110 2601 lucilium
1129 2545 1227 2616 fluere
1247 2543 1375 2600 lutulen-

255 2651 318 2704 tum
340 2650 368 2702 et
389 2660 451 2701 esse
473 2644 605 2715 aliquid,
637 2647 719 2718 quod
745 2647 852 2705 toliere
868 2647 983 2721 possis,
1008 2649 1110 2719 putat.
1153 2659 1228 2730 nam*
1246 2644 1376 2702 eruditio

256 2747 287 2803 in
311 2760 345 2803 eo
367 2746 446 2802 rnira
468 2750 497 2802 et
517 2744 643 2842 libertas
665 2752 757 2820 atque
779 2748 849 2822 inde
871 2748 1024 2806 acerbitas
1043 2752 1072 2804 et
1086 2746 1276 2804 abundantia
1291 2746 1374 2816 salis.

256 2847 381 2905 multura
403 2850 447 2904 est
468 2847 576 2904 tersior
598 2863 637 2905 aa
657 2857 754 2922 purus
769 2843 868 2921 inanis
884 2849 1030 2907 Horatius
1052 2854 1082 2905 et
1104 2846 1179 2917 (non
1202 2847 1291 2904 labor
1312 2849 1377 2905 eius

256 2950 375 3021 amore)
386 2948 585 3021 proecipuus.
615 2950 739 3007 multura
762 2956 791 3007 et
811 2965 904 3008 uerae
923 2951 1044 3022 oloriac
1065 2949 1202 3021 quamuis
1218 2963 1277 3005 uno
1298 2948 1376 3006 libro

258 3050 382 3107 Persius
403 3048 520 3107 meruit.
552 3056 620 3108 sunt
642 3052 724 3109 clari
744 3051 891 3125 liciteque
912 3061 941 3109 et
963 3052 1015 3124 qui
1036 3051 1111 3108 oiirn·
1128 3050 1373 3108 nominabuntur.

257 3153 386 3209 alterurn
415 3151 493 3208 illua
519 3152 610 3209 etiarn
634 3155 724 3236 orius
751 3155 868 3211 satirae
895 3169 992 3226 oenus
1013 3153 1066 3212 sea
1093 3167 1153 3216 non
1179 3152 1245 3232 sota
1268 3153 1378 3209 carmi-

258 3268 328 3312 nurn
351 3253 503 3311 uarietate
523 3237 650 3312 miutran
672 3239 809 3313 condidit
834 3254 990 3313 Terentius
1018 3255 1130 3328 Varro,
1153 3243 1205 3312 uir
1226 3253 1377 3311 Rornano-

258 3371 326 3414 rum
348 3354 576 3414 eruditissimus.
623 3357 773 3429 plurimos
801 3356 851 3415 iric
878 3357 970 3414 libros
996 3362 1026 3413 et
1047 3346 1233 3413 'doctissimos
1259 3370 1377 3430 corapo-

257 3458 328 3528 suit,
340 3456 541 3529 peritissimus
561 3457 686 3529 linquae
707 3458 823 3515 latinae
849 3463 878 3515 et
900 3457 995 3515 omnis
1016 3456 1207 3529 antiquitatis
1227 3460 1256 3513 et
1275 3471 1376 3514 rerunt

256 3572 442 3629 oraecururn
466 3547 706 3632 nostrarumque,
726 3543 799 3633 nius
822 3564 922 3617 tarncn
945 3558 1089 3616 scientiae
1104 3558 1273 3616 collaturus
1288 3574 1377 3631 quam

259 3659 471 3731 eloquentiae!
513 3653 661 3732 Quocum
686 3647 993 3736 conferendus'est‚
1021 3653 1076 3739 qui
1099 3652 1162 3718 duo
1192 3654 1323 3739 quidem
1346 3664 1379 3718 et

259 3757 330 3839 ipse
346 3764 533 3818 saturarum
548 3777 669 3839 genera
692 3765 870 3837 enumerat,
895 3755 977 3819 alios
991 3778 1070 3821 uero
1079 3753 1220 3819 ¹'alterius
1236 3755 1377 3820 cultores

259 3858 408 3921 nominat
443 3856 622 3921 Diomedes
655 3858 905 3940 grammaticus,
941 3857 1033 3920 cuius
1062 3856 1143 3920 haec
1171 3868 1248 3922 sunt
1275 3858 1379 3921 uerba

261 3981 293 4043 p.
315 3967 389 4040 485,
414 3966 454 4027 30
476 3973 546 4044 sqq.
570 3956 656 4022 Keil.
701 3963 818 4022 ‘Satira
841 3966 954 4023 dicitur
975 3980 1097 4023 carrnen
1120 3965 1206 4038 opud
1226 3964 1378 4022 Romanos

261 4081 342 4122 nunc
364 4066 483 4137 quidem
498 4066 677 4123 maledicunt
692 4071 722 4123 et
737 4067 781 4123 aa
793 4067 952 4141 carpenda
967 4066 1118 4125 hominurn
1133 4067 1210 4151 uitia
1226 4065 1378 4123 orchoeae

259 4166 434 4223 comoediae
461 4144 642 4224 charactere
670 4167 881 4250 compositum,
913 4170 1003 4241 quale
1029 4169 1217 4242 scripserunt
1245 4164 1379 4223 Lucilius

260 4272 289 4324 et
310 4266 459 4326 Horatius
480 4273 510 4325 et
532 4267 673 4327 Persius.'
694 4276 726 4327 at
749 4263 852 4348 olim¹)
881 4285 1005 4327 carmen
1028 4271 1108 4342 quoii
1128 4284 1168 4325 cs
1190 4268 1288 4325 uariis
1303 4283 1378 4342 poe-

279 4394 282 4397 *
301 4393 464 4401 —----—·——

330 4450 355 4517 1)
376 4455 415 4502 ‘et
434 4451 510 4502 olim’
529 4452 608 4514 libri3
633 4454 693 4503 ‘sed
712 4454 787 4503 olim’
806 4452 1051 4503 Reifferscheidius
1074 4454 1103 4501 in
1121 4452 1234 4501 Suetoni
1253 4452 1379 4515 reliquiis

262 4550 288 4599 p.
301 4538 347 4598 203
367 4541 410 4585 ‘at
428 4536 505 4586 olim'
525 4536 678 4606 scholiasta
697 4539 787 4588 Persii
807 4538 864 4590 cod.
878 4539 961 4589 Rern.
974 4538 1023 4586 665
1041 4538 1126 4586 uerbo
1146 4542 1226 4587 tenus
1244 4538 1303 4587 fere
1318 4554 1378 4587 cum

262 4620 394 4670 Diomede
415 4621 599 4670 consentiens.

314 4710 405 4761 Riese,
422 4710 525 4751 Varronis
541 4711 633 4754 Satirsc.
1160 4707 1174 4768 1
