<?xml version="1.0" encoding="UTF-8"?>
<!DOCTYPE html PUBLIC "-//W3C//DTD XHTML 1.0 Transitional//EN"
    "http://www.w3.org/TR/xhtml1/DTD/xhtml1-transitional.dtd">
<html xmlns="http://www.w3.org/1999/xhtml" xml:lang="en" lang="en">
 <head>
  <title>
</title>
<meta http-equiv="Content-Type" content="text/html;charset=utf-8" />
  <meta name='ocr-system' content='tesseract 3.04.00' />
  <meta name='ocr-capabilities' content='ocr_page ocr_carea ocr_par ocr_line ocrx_word'/>
</head>
<body>
  <div class='ocr_page' id='page_1' title='image "./saturarummenipp00riesgoog_0286.png"; bbox 0 0 3559 5709; ppageno 0'>
   <div class='ocr_carea' id='block_1_1' title="bbox 433 730 1265 795">
    <p class='ocr_par' dir='ltr' id='par_1_1' title="bbox 433 730 1265 795">
     <span class='ocr_line' id='line_1_1' title="bbox 433 730 1265 795; baseline -0.01 0"><span class='ocrx_word' id='word_1_1' title='bbox 433 730 497 795; x_wconf 78' lang='grc'><strong>262</strong></span> <span class='ocrx_word' id='word_1_2' title='bbox 806 735 833 790; x_wconf 88' lang='lat' dir='ltr'><strong>P.</strong></span> <span class='ocrx_word' id='word_1_3' title='bbox 858 731 1038 789; x_wconf 80' lang='lat' dir='ltr'><strong>TERENTlVS</strong></span> <span class='ocrx_word' id='word_1_4' title='bbox 1060 731 1171 788; x_wconf 84' lang='lat' dir='ltr'><strong>VARRO</strong></span> <span class='ocrx_word' id='word_1_5' title='bbox 1252 735 1265 755; x_wconf 76' lang='lat'>¹</span> 
     </span>
    </p>
   </div>
   <div class='ocr_carea' id='block_1_2' title="bbox 433 894 1562 2307">
    <p class='ocr_par' dir='ltr' id='par_1_2' title="bbox 905 894 1084 960">
     <span class='ocr_line' id='line_1_2' title="bbox 905 894 1084 960; baseline -0.006 0"><span class='ocrx_word' id='word_1_6' title='bbox 905 895 1026 960; x_wconf 88' lang='lat' dir='ltr'><strong>Liber</strong></span> <span class='ocrx_word' id='word_1_7' title='bbox 1048 894 1084 959; x_wconf 93' lang='lat' dir='ltr'><strong>II</strong></span> 
     </span>
    </p>

    <p class='ocr_par' dir='ltr' id='par_1_3' title="bbox 433 1097 1562 2307">
     <span class='ocr_line' id='line_1_3' title="bbox 519 1097 1477 1184; baseline -0.002 -18"><span class='ocrx_word' id='word_1_8' title='bbox 519 1103 648 1167; x_wconf 91' lang='lat' dir='ltr'><strong>Probus</strong></span> <span class='ocrx_word' id='word_1_9' title='bbox 676 1102 710 1163; x_wconf 92' lang='lat' dir='ltr'><strong>in</strong></span> <span class='ocrx_word' id='word_1_10' title='bbox 738 1098 865 1184; x_wconf 87' lang='lat' dir='ltr'><strong>Vergil.</strong></span> <span class='ocrx_word' id='word_1_11' title='bbox 895 1098 1016 1181; x_wconf 81' lang='lat' dir='ltr'><strong>Georg.</strong></span> <span class='ocrx_word' id='word_1_12' title='bbox 1047 1097 1064 1161; x_wconf 94' lang='lat' dir='ltr'>I</span> <span class='ocrx_word' id='word_1_13' title='bbox 1094 1108 1133 1167; x_wconf 88' lang='grc'><strong>14</strong></span> <span class='ocrx_word' id='word_1_14' title='bbox 1165 1098 1296 1163; x_wconf 74' lang='lat' dir='ltr'><strong>‘Insula</strong></span> <span class='ocrx_word' id='word_1_15' title='bbox 1325 1109 1376 1164; x_wconf 90' lang='lat' dir='ltr'><strong>est</strong></span> <span class='ocrx_word' id='word_1_16' title='bbox 1405 1099 1477 1164; x_wconf 86' lang='lat' dir='ltr'><strong>Cea</strong></span> 
     </span>
     <span class='ocr_line' id='line_1_4' title="bbox 435 1199 1560 1287; baseline -0.007 -14"><span class='ocrx_word' id='word_1_17' title='bbox 435 1207 486 1273; x_wconf 94' lang='lat' dir='ltr'><strong>Ibi</strong></span> <span class='ocrx_word' id='word_1_18' title='bbox 510 1206 718 1270; x_wconf 83' lang='lat' dir='ltr'><strong>existimatur</strong></span> <span class='ocrx_word' id='word_1_19' title='bbox 740 1200 930 1287; x_wconf 84' lang='lat' dir='ltr'>pestilentia</span> <span class='ocrx_word' id='word_1_20' title='bbox 952 1199 1056 1264; x_wconf 90' lang='lat' dir='ltr'><strong>fuisse</strong></span> <span class='ocrx_word' id='word_1_21' title='bbox 1084 1222 1239 1286; x_wconf 91' lang='lat' dir='ltr'><strong>pecorum</strong></span> <span class='ocrx_word' id='word_1_22' title='bbox 1269 1211 1302 1265; x_wconf 87' lang='lat' dir='ltr'><strong>et</strong></span> <span class='ocrx_word' id='word_1_23' title='bbox 1330 1212 1560 1268; x_wconf 83' lang='lat' dir='ltr'>armentorum</span> 
     </span>
     <span class='ocr_line' id='line_1_5' title="bbox 435 1301 1560 1393; baseline -0.003 -21"><span class='ocrx_word' id='word_1_24' title='bbox 435 1308 543 1393; x_wconf 91' lang='lat' dir='ltr'><strong>grauis</strong></span> <span class='ocrx_word' id='word_1_25' title='bbox 567 1316 700 1392; x_wconf 88' lang='lat' dir='ltr'><strong>propter</strong></span> <span class='ocrx_word' id='word_1_26' title='bbox 721 1303 888 1368; x_wconf 90' lang='lat' dir='ltr'><strong>interitum</strong></span> <span class='ocrx_word' id='word_1_27' title='bbox 912 1301 1102 1367; x_wconf 81' lang='lat' dir='ltr'><strong>Actaeonis,</strong></span> <span class='ocrx_word' id='word_1_28' title='bbox 1142 1303 1320 1366; x_wconf 89' lang='lat' dir='ltr'><strong>Aristaeus</strong></span> <span class='ocrx_word' id='word_1_29' title='bbox 1348 1314 1560 1369; x_wconf 81' lang='lat' dir='ltr'><strong>monstrante</strong></span> 
     </span>
     <span class='ocr_line' id='line_1_6' title="bbox 435 1403 1560 1495; baseline -0.004 -21"><span class='ocrx_word' id='word_1_30' title='bbox 435 1408 589 1495; x_wconf 87' lang='lat' dir='ltr'><strong>Apolline</strong></span> <span class='ocrx_word' id='word_1_31' title='bbox 611 1419 704 1493; x_wconf 90' lang='lat' dir='ltr'><strong>patre</strong></span> <span class='ocrx_word' id='word_1_32' title='bbox 727 1406 895 1491; x_wconf 89' lang='lat' dir='ltr'><strong>profectus</strong></span> <span class='ocrx_word' id='word_1_33' title='bbox 920 1414 970 1468; x_wconf 91' lang='lat' dir='ltr'><strong>cst</strong></span> <span class='ocrx_word' id='word_1_34' title='bbox 993 1405 1027 1466; x_wconf 92' lang='lat' dir='ltr'><strong>in</strong></span> <span class='ocrx_word' id='word_1_35' title='bbox 1050 1404 1189 1467; x_wconf 91' lang='lat' dir='ltr'><strong>insulam</strong></span> <span class='ocrx_word' id='word_1_36' title='bbox 1205 1403 1305 1468; x_wconf 82' lang='lat' dir='ltr'><strong>Ceam</strong></span> <span class='ocrx_word' id='word_1_37' title='bbox 1328 1416 1361 1470; x_wconf 96' lang='lat' dir='ltr'><strong>et</strong></span> <span class='ocrx_word' id='word_1_38' title='bbox 1384 1406 1433 1470; x_wconf 95' lang='lat' dir='ltr'><strong>ibi</strong></span> <span class='ocrx_word' id='word_1_39' title='bbox 1459 1410 1560 1470; x_wconf 90' lang='lat' dir='ltr'><strong>sacri-</strong></span> 
     </span>
     <span class='ocr_line' id='line_1_7' title="bbox 435 1505 1560 1593; baseline -0.004 -19"><span class='ocrx_word' id='word_1_40' title='bbox 435 1512 509 1574; x_wconf 86' lang='lat' dir='ltr'><strong>ficio</strong></span> <span class='ocrx_word' id='word_1_41' title='bbox 531 1511 621 1574; x_wconf 85' lang='lat' dir='ltr'><strong>facto</strong></span> <span class='ocrx_word' id='word_1_42' title='bbox 645 1531 735 1573; x_wconf 90' lang='lat' dir='ltr'><strong>aram</strong></span> <span class='ocrx_word' id='word_1_43' title='bbox 763 1507 837 1571; x_wconf 90' lang='lat' dir='ltr'><strong>Ioui</strong></span> <span class='ocrx_word' id='word_1_44' title='bbox 859 1506 988 1570; x_wconf 89' lang='lat' dir='ltr'><strong>Icmaeo</strong></span> <span class='ocrx_word' id='word_1_45' title='bbox 1017 1506 1201 1586; x_wconf 85' lang='lat' dir='ltr'><strong>constituit,</strong></span> <span class='ocrx_word' id='word_1_46' title='bbox 1231 1507 1285 1593; x_wconf 92' lang='lat' dir='ltr'><strong>qui</strong></span> <span class='ocrx_word' id='word_1_47' title='bbox 1308 1505 1451 1593; x_wconf 87' lang='lat' dir='ltr'><strong>placatis</strong></span> <span class='ocrx_word' id='word_1_48' title='bbox 1476 1507 1560 1574; x_wconf 91' lang='lat' dir='ltr'><strong>flati-</strong></span> 
     </span>
     <span class='ocr_line' id='line_1_8' title="bbox 433 1609 1558 1696; baseline -0.003 -20"><span class='ocrx_word' id='word_1_49' title='bbox 433 1613 495 1677; x_wconf 85' lang='lat' dir='ltr'><strong>bus</strong></span> <span class='ocrx_word' id='word_1_50' title='bbox 513 1622 545 1676; x_wconf 90' lang='lat' dir='ltr'><strong>et</strong></span> <span class='ocrx_word' id='word_1_51' title='bbox 568 1621 673 1692; x_wconf 82' lang='lat' dir='ltr'><strong>aestu,</strong></span> <span class='ocrx_word' id='word_1_52' title='bbox 696 1611 752 1696; x_wconf 93' lang='lat' dir='ltr'><strong>qui</strong></span> <span class='ocrx_word' id='word_1_53' title='bbox 774 1610 937 1674; x_wconf 80' lang='lat' dir='ltr'><strong>necabant</strong></span> <span class='ocrx_word' id='word_1_54' title='bbox 960 1630 1080 1692; x_wconf 88' lang='lat' dir='ltr'><strong>pecora</strong></span> <span class='ocrx_word' id='word_1_55' title='bbox 1102 1618 1134 1672; x_wconf 92' lang='lat' dir='ltr'><strong>et</strong></span> <span class='ocrx_word' id='word_1_56' title='bbox 1150 1619 1307 1690; x_wconf 88' lang='lat' dir='ltr'><strong>armenta,</strong></span> <span class='ocrx_word' id='word_1_57' title='bbox 1330 1609 1492 1675; x_wconf 90' lang='lat' dir='ltr'><strong>liberauit</strong></span> <span class='ocrx_word' id='word_1_58' title='bbox 1510 1634 1558 1675; x_wconf 91' lang='lat' dir='ltr'><strong>ea.</strong></span> 
     </span>
     <span class='ocr_line' id='line_1_9' title="bbox 434 1710 1560 1800; baseline -0.002 -24"><span class='ocrx_word' id='word_1_59' title='bbox 434 1712 510 1798; x_wconf 91' lang='lat' dir='ltr'><strong>Ipse</strong></span> <span class='ocrx_word' id='word_1_60' title='bbox 534 1723 644 1777; x_wconf 90' lang='lat' dir='ltr'><strong>autom</strong></span> <span class='ocrx_word' id='word_1_61' title='bbox 666 1723 741 1798; x_wconf 90' lang='lat' dir='ltr'><strong>post</strong></span> <span class='ocrx_word' id='word_1_62' title='bbox 764 1733 936 1776; x_wconf 77' lang='lat' dir='ltr'><strong>excessum</strong></span> <span class='ocrx_word' id='word_1_63' title='bbox 957 1710 1046 1774; x_wconf 91' lang='lat' dir='ltr'><strong>uitae</strong></span> <span class='ocrx_word' id='word_1_64' title='bbox 1068 1710 1249 1796; x_wconf 89' lang='lat' dir='ltr'><strong>imperante</strong></span> <span class='ocrx_word' id='word_1_65' title='bbox 1272 1712 1407 1776; x_wconf 91' lang='lat' dir='ltr'><strong>oraculo</strong></span> <span class='ocrx_word' id='word_1_66' title='bbox 1432 1712 1560 1800; x_wconf 90' lang='lat' dir='ltr'><strong>Apolli-</strong></span> 
     </span>
     <span class='ocr_line' id='line_1_10' title="bbox 433 1800 1559 1894; baseline 0.002 -17"><span class='ocrx_word' id='word_1_67' title='bbox 433 1815 484 1879; x_wconf 89' lang='lat' dir='ltr'><strong>nis</strong></span> <span class='ocrx_word' id='word_1_68' title='bbox 509 1816 550 1879; x_wconf 87' lang='lat' dir='ltr'><strong>ab</strong></span> <span class='ocrx_word' id='word_1_69' title='bbox 573 1814 820 1878; x_wconf 91' lang='lat' dir='ltr'><strong>immorantibus</strong></span> <span class='ocrx_word' id='word_1_70' title='bbox 843 1813 878 1875; x_wconf 93' lang='lat' dir='ltr'><strong>in</strong></span> <span class='ocrx_word' id='word_1_71' title='bbox 901 1835 940 1876; x_wconf 89' lang='lat' dir='ltr'><strong>ea</strong></span> <span class='ocrx_word' id='word_1_72' title='bbox 962 1812 1070 1876; x_wconf 91' lang='lat' dir='ltr'><strong>insula</strong></span> <span class='ocrx_word' id='word_1_73' title='bbox 1092 1800 1215 1876; x_wconf 87' lang='lat' dir='ltr'><strong>relatus</strong></span> <span class='ocrx_word' id='word_1_74' title='bbox 1238 1815 1469 1894; x_wconf 56' lang='lat' dir='ltr'><strong>ingnumerum</strong></span> <span class='ocrx_word' id='word_1_75' title='bbox 1486 1816 1559 1879; x_wconf 90' lang='lat' dir='ltr'><strong>deo-</strong></span> 
     </span>
     <span class='ocr_line' id='line_1_11' title="bbox 435 1915 1561 2003; baseline 0.003 -24"><span class='ocrx_word' id='word_1_76' title='bbox 435 1939 507 1981; x_wconf 88' lang='lat' dir='ltr'><strong>rum</strong></span> <span class='ocrx_word' id='word_1_77' title='bbox 535 1915 717 2003; x_wconf 88' lang='lat' dir='ltr'><strong>appellatus</strong></span> <span class='ocrx_word' id='word_1_78' title='bbox 748 1925 797 1979; x_wconf 87' lang='lat' dir='ltr'><strong>est</strong></span> <span class='ocrx_word' id='word_1_79' title='bbox 824 1915 960 1978; x_wconf 90' lang='lat' dir='ltr'><strong>Nomius</strong></span> <span class='ocrx_word' id='word_1_80' title='bbox 992 1925 1025 1979; x_wconf 89' lang='lat' dir='ltr'><strong>et</strong></span> <span class='ocrx_word' id='word_1_81' title='bbox 1053 1916 1219 1999; x_wconf 88' lang='lat' dir='ltr'><strong>Aegoros,</strong></span> <span class='ocrx_word' id='word_1_82' title='bbox 1253 1916 1341 2002; x_wconf 91' lang='lat' dir='ltr'><strong>quod</strong></span> <span class='ocrx_word' id='word_1_83' title='bbox 1370 1926 1404 1980; x_wconf 87' lang='lat' dir='ltr'><strong>et</strong></span> <span class='ocrx_word' id='word_1_84' title='bbox 1434 1919 1561 2000; x_wconf 89' lang='lat' dir='ltr'><strong>agresti</strong></span> 
     </span>
     <span class='ocr_line' id='line_1_12' title="bbox 435 2019 1562 2103; baseline 0.003 -23"><span class='ocrx_word' id='word_1_85' title='bbox 435 2019 544 2083; x_wconf 89' lang='lat' dir='ltr'><strong>studio</strong></span> <span class='ocrx_word' id='word_1_86' title='bbox 573 2028 606 2082; x_wconf 87' lang='lat' dir='ltr'><strong>et</strong></span> <span class='ocrx_word' id='word_1_87' title='bbox 634 2040 712 2081; x_wconf 91' lang='lat' dir='ltr'><strong>cura</strong></span> <span class='ocrx_word' id='word_1_88' title='bbox 743 2039 899 2103; x_wconf 89' lang='lat' dir='ltr'><strong>pecorum</strong></span> <span class='ocrx_word' id='word_1_89' title='bbox 931 2026 1216 2103; x_wconf 86' lang='lat' dir='ltr'><strong>armentorumque</strong></span> <span class='ocrx_word' id='word_1_90' title='bbox 1249 2039 1315 2082; x_wconf 90' lang='lat' dir='ltr'><strong>non</strong></span> <span class='ocrx_word' id='word_1_91' title='bbox 1346 2019 1562 2084; x_wconf 85' lang='lat' dir='ltr'><strong>mediocriter</strong></span> 
     </span>
     <span class='ocr_line' id='line_1_13' title="bbox 435 2118 1560 2205; baseline 0.003 -22"><span class='ocrx_word' id='word_1_92' title='bbox 435 2119 604 2205; x_wconf 85' lang='lat' dir='ltr'><strong>profuerat</strong></span> <span class='ocrx_word' id='word_1_93' title='bbox 630 2119 825 2184; x_wconf 91' lang='lat' dir='ltr'><strong>hominibus.</strong></span> <span class='ocrx_word' id='word_1_94' title='bbox 871 2119 1030 2184; x_wconf 85' lang='lat' dir='ltr'><strong>Traditur</strong></span> <span class='ocrx_word' id='word_1_95' title='bbox 1056 2118 1137 2183; x_wconf 86' lang='lat' dir='ltr'><strong>haec</strong></span> <span class='ocrx_word' id='word_1_96' title='bbox 1166 2119 1303 2184; x_wconf 87' lang='lat' dir='ltr'><strong>historia</strong></span> <span class='ocrx_word' id='word_1_97' title='bbox 1332 2119 1374 2185; x_wconf 92' lang='lat' dir='ltr'><strong>de</strong></span> <span class='ocrx_word' id='word_1_98' title='bbox 1403 2121 1560 2187; x_wconf 86' lang='lat' dir='ltr'><strong>Aristaeo</strong></span> 
     </span>
     <span class='ocr_line' id='line_1_14' title="bbox 434 2221 1313 2307; baseline 0.003 -24"><span class='ocrx_word' id='word_1_99' title='bbox 434 2221 470 2284; x_wconf 92' lang='lat' dir='ltr'><strong>in</strong></span> <span class='ocrx_word' id='word_1_100' title='bbox 492 2243 627 2307; x_wconf 91' lang='lat' dir='ltr'><strong>corpore</strong></span> <span class='ocrx_word' id='word_1_101' title='bbox 650 2222 916 2306; x_wconf 85' lang='lat' dir='ltr'><strong>Argonautarum</strong></span> <span class='ocrx_word' id='word_1_102' title='bbox 939 2244 958 2285; x_wconf 92' lang='lat' dir='ltr'><strong>a</strong></span> <span class='ocrx_word' id='word_1_103' title='bbox 979 2221 1129 2285; x_wconf 88' lang='lat' dir='ltr'><strong>Varrone</strong></span> <span class='ocrx_word' id='word_1_104' title='bbox 1151 2221 1313 2286; x_wconf 62' lang='lat' dir='ltr'><strong>Atacino!</strong></span> 
     </span>
    </p>
   </div>
   <div class='ocr_carea' id='block_1_3' title="bbox 983 2340 1019 2404">
    <p class='ocr_par' dir='ltr' id='par_1_4' title="bbox 983 2340 1019 2404">
     <span class='ocr_line' id='line_1_15' title="bbox 983 2340 1019 2404; baseline 0 0"><span class='ocrx_word' id='word_1_105' title='bbox 983 2340 1019 2404; x_wconf 94' lang='lat' dir='ltr'><strong>II</strong></span> 
     </span>
    </p>
   </div>
   <div class='ocr_carea' id='block_1_4' title="bbox 518 2441 1409 2610">
    <p class='ocr_par' dir='ltr' id='par_1_5' title="bbox 518 2441 1409 2610">
     <span class='ocr_line' id='line_1_16' title="bbox 520 2441 1409 2529; baseline 0.002 -23"><span class='ocrx_word' id='word_1_106' title='bbox 520 2441 568 2506; x_wconf 84' lang='lat' dir='ltr'><strong>Tc</strong></span> <span class='ocrx_word' id='word_1_107' title='bbox 591 2463 679 2506; x_wconf 91' lang='lat' dir='ltr'><strong>nunc</strong></span> <span class='ocrx_word' id='word_1_108' title='bbox 702 2442 862 2528; x_wconf 83' lang='lat' dir='ltr'><strong>Coryciae</strong></span> <span class='ocrx_word' id='word_1_109' title='bbox 885 2441 1071 2506; x_wconf 86' lang='lat' dir='ltr'><strong>tendentem</strong></span> <span class='ocrx_word' id='word_1_110' title='bbox 1094 2443 1220 2529; x_wconf 89' lang='lat' dir='ltr'><strong>spicula</strong></span> <span class='ocrx_word' id='word_1_111' title='bbox 1241 2443 1409 2529; x_wconf 89' lang='lat' dir='ltr'><strong>nymphae</strong></span> 
     </span>
     <span class='ocr_line' id='line_1_17' title="bbox 518 2542 1373 2610; baseline 0 -1"><span class='ocrx_word' id='word_1_112' title='bbox 518 2543 699 2609; x_wconf 87' lang='lat' dir='ltr'><strong>Hortantes</strong></span> <span class='ocrx_word' id='word_1_113' title='bbox 723 2551 752 2606; x_wconf 73' lang='lat' dir='ltr'><strong>‘o</strong></span> <span class='ocrx_word' id='word_1_114' title='bbox 775 2543 919 2609; x_wconf 86' lang='lat' dir='ltr'><strong>Phoebe&#39;</strong></span> <span class='ocrx_word' id='word_1_115' title='bbox 943 2553 975 2608; x_wconf 88' lang='lat' dir='ltr'><strong>et</strong></span> <span class='ocrx_word' id='word_1_116' title='bbox 997 2544 1090 2609; x_wconf 74' lang='lat' dir='ltr'><strong>‘Ieie&#39;</strong></span> <span class='ocrx_word' id='word_1_117' title='bbox 1114 2542 1373 2610; x_wconf 89' lang='lat' dir='ltr'><strong>conclamarunt.</strong></span> 
     </span>
    </p>
   </div>
   <div class='ocr_carea' id='block_1_5' title="bbox 965 2662 1019 2728">
    <p class='ocr_par' dir='ltr' id='par_1_6' title="bbox 965 2662 1019 2728">
     <span class='ocr_line' id='line_1_18' title="bbox 965 2662 1019 2728; baseline 0 0"><span class='ocrx_word' id='word_1_118' title='bbox 965 2662 1019 2728; x_wconf 91' lang='lat' dir='ltr'><strong>III</strong></span> 
     </span>
    </p>
   </div>
   <div class='ocr_carea' id='block_1_6' title="bbox 519 2754 1335 2850">
    <p class='ocr_par' dir='ltr' id='par_1_7' title="bbox 519 2754 1335 2850">
     <span class='ocr_line' id='line_1_19' title="bbox 519 2754 1335 2850; baseline -0.001 -20"><span class='ocrx_word' id='word_1_119' title='bbox 519 2764 674 2850; x_wconf 81' lang='lat' dir='ltr'><strong>Frigidus</strong></span> <span class='ocrx_word' id='word_1_120' title='bbox 698 2775 730 2829; x_wconf 88' lang='lat' dir='ltr'><strong>et</strong></span> <span class='ocrx_word' id='word_1_121' title='bbox 753 2763 845 2830; x_wconf 90' lang='lat' dir='ltr'><strong>siluis</strong></span> <span class='ocrx_word' id='word_1_122' title='bbox 869 2763 978 2850; x_wconf 92' lang='lat' dir='ltr'><strong>aquilo</strong></span> <span class='ocrx_word' id='word_1_123' title='bbox 1002 2765 1148 2831; x_wconf 90' lang='lat' dir='ltr'><strong>decussit</strong></span> <span class='ocrx_word' id='word_1_124' title='bbox 1168 2754 1335 2832; x_wconf 88' lang='lat' dir='ltr'><strong>honorem.</strong></span> 
     </span>
    </p>
   </div>
   <div class='ocr_carea' id='block_1_7' title="bbox 896 2884 1096 3051">
    <p class='ocr_par' dir='ltr' id='par_1_8' title="bbox 896 2884 1096 3051">
     <span class='ocr_line' id='line_1_20' title="bbox 896 2884 1096 2950; baseline -0.005 0"><span class='ocrx_word' id='word_1_125' title='bbox 896 2885 1020 2950; x_wconf 89' lang='lat' dir='ltr'><strong>Liber</strong></span> <span class='ocrx_word' id='word_1_126' title='bbox 1042 2884 1096 2949; x_wconf 92' lang='lat' dir='ltr'><strong>III</strong></span> 
     </span>
     <span class='ocr_line' id='line_1_21' title="bbox 984 2987 1022 3051; baseline 0 -37"><span class='ocrx_word' id='word_1_127' title='bbox 984 2987 1022 3051; x_wconf 63' lang='lat' dir='ltr'><strong>I,</strong></span> 
     </span>
    </p>
   </div>
   <div class='ocr_carea' id='block_1_8' title="bbox 519 3086 1374 3277">
    <p class='ocr_par' dir='ltr' id='par_1_9' title="bbox 519 3086 1374 3277">
     <span class='ocr_line' id='line_1_22' title="bbox 519 3086 1329 3175; baseline 0.005 -25"><span class='ocrx_word' id='word_1_128' title='bbox 519 3088 698 3152; x_wconf 88' lang='lat' dir='ltr'><strong>Desierant</strong></span> <span class='ocrx_word' id='word_1_129' title='bbox 721 3086 842 3152; x_wconf 91' lang='lat' dir='ltr'><strong>latrare</strong></span> <span class='ocrx_word' id='word_1_130' title='bbox 865 3109 962 3152; x_wconf 87' lang='lat' dir='ltr'><strong>canes</strong></span> <span class='ocrx_word' id='word_1_131' title='bbox 985 3090 1149 3175; x_wconf 90' lang='lat' dir='ltr'><strong>urbesque</strong></span> <span class='ocrx_word' id='word_1_132' title='bbox 1171 3088 1329 3172; x_wconf 81' lang='lat' dir='ltr'><strong>silebant3</strong></span> 
     </span>
     <span class='ocr_line' id='line_1_23' title="bbox 521 3187 1374 3277; baseline 0.005 -25"><span class='ocrx_word' id='word_1_133' title='bbox 521 3187 639 3252; x_wconf 92' lang='lat' dir='ltr'><strong>Omnia</strong></span> <span class='ocrx_word' id='word_1_134' title='bbox 661 3190 766 3254; x_wconf 91' lang='lat' dir='ltr'><strong>noctis</strong></span> <span class='ocrx_word' id='word_1_135' title='bbox 791 3201 884 3255; x_wconf 90' lang='lat' dir='ltr'><strong>erant</strong></span> <span class='ocrx_word' id='word_1_136' title='bbox 907 3189 1039 3276; x_wconf 90' lang='lat' dir='ltr'><strong>placida</strong></span> <span class='ocrx_word' id='word_1_137' title='bbox 1061 3200 1231 3277; x_wconf 88' lang='lat' dir='ltr'><strong>composta</strong></span> <span class='ocrx_word' id='word_1_138' title='bbox 1252 3193 1374 3277; x_wconf 88' lang='lat' dir='ltr'><strong>quiete.</strong></span> 
     </span>
    </p>
   </div>
   <div class='ocr_carea' id='block_1_9' title="bbox 979 3309 1014 3375">
    <p class='ocr_par' dir='ltr' id='par_1_10' title="bbox 979 3309 1014 3375">
     <span class='ocr_line' id='line_1_24' title="bbox 979 3309 1014 3375; baseline 0.057 -2"><span class='ocrx_word' id='word_1_139' title='bbox 979 3309 1014 3375; x_wconf 94' lang='lat' dir='ltr'><strong>II</strong></span> 
     </span>
    </p>
   </div>
   <div class='ocr_carea' id='block_1_10' title="bbox 479 3391 1414 3498">
    <p class='ocr_par' dir='ltr' id='par_1_11' title="bbox 479 3391 1414 3498">
     <span class='ocr_line' id='line_1_25' title="bbox 479 3391 1414 3498; baseline 0.006 -25"><span class='ocrx_word' id='word_1_140' title='bbox 479 3456 482 3462; x_wconf 82' lang='lat'>·</span> <span class='ocrx_word' id='word_1_141' title='bbox 520 3407 621 3473; x_wconf 77' lang='lat' dir='ltr'><strong>(iuius</strong></span> <span class='ocrx_word' id='word_1_142' title='bbox 644 3421 682 3475; x_wconf 91' lang='lat' dir='ltr'><strong>ut</strong></span> <span class='ocrx_word' id='word_1_143' title='bbox 704 3411 834 3498; x_wconf 85' lang='lat' dir='ltr'><strong>aspexit</strong></span> <span class='ocrx_word' id='word_1_144' title='bbox 857 3420 945 3476; x_wconf 90' lang='lat' dir='ltr'><strong>torta</strong></span> <span class='ocrx_word' id='word_1_145' title='bbox 967 3420 1067 3498; x_wconf 87' lang='lat' dir='ltr'><strong>caput</strong></span> <span class='ocrx_word' id='word_1_146' title='bbox 1090 3435 1196 3497; x_wconf 87' lang='lat' dir='ltr'><strong>angue</strong></span> <span class='ocrx_word' id='word_1_147' title='bbox 1218 3391 1414 3479; x_wconf 81' lang='lat' dir='ltr'><strong>reuinctum.</strong></span> 
     </span>
    </p>
   </div>
   <div class='ocr_carea' id='block_1_11' title="bbox 520 3529 1402 3818">
    <p class='ocr_par' dir='ltr' id='par_1_12' title="bbox 520 3529 1402 3818">
     <span class='ocr_line' id='line_1_26' title="bbox 896 3529 1091 3596; baseline -0.01 0"><span class='ocrx_word' id='word_1_148' title='bbox 896 3529 1018 3596; x_wconf 88' lang='lat' dir='ltr'><strong>Liber</strong></span> <span class='ocrx_word' id='word_1_149' title='bbox 1040 3531 1091 3595; x_wconf 89' lang='lat' dir='ltr'><strong>IV</strong></span> 
     </span>
     <span class='ocr_line' id='line_1_27' title="bbox 520 3633 1402 3818; baseline 0.007 -23"><span class='ocrx_word' id='word_1_150' title='bbox 520 3730 604 3795; x_wconf 85' lang='lat' dir='ltr'><strong>Cum</strong></span> <span class='ocrx_word' id='word_1_151' title='bbox 626 3741 659 3797; x_wconf 89' lang='lat' dir='ltr'><strong>te</strong></span> <span class='ocrx_word' id='word_1_152' title='bbox 681 3730 835 3816; x_wconf 86' lang='lat' dir='ltr'><strong>flagranti</strong></span> <span class='ocrx_word' id='word_1_153' title='bbox 858 3633 1021 3799; x_wconf 76' lang='lat' dir='ltr'><strong>deiectuin</strong></span> <span class='ocrx_word' id='word_1_154' title='bbox 1043 3733 1196 3818; x_wconf 80' lang='lat' dir='ltr'><strong>fulmine,</strong></span> <span class='ocrx_word' id='word_1_155' title='bbox 1220 3735 1402 3804; x_wconf 85' lang='lat' dir='ltr'><strong>Phaethon.</strong></span> 
     </span>
    </p>
   </div>
   <div class='ocr_carea' id='block_1_12' title="bbox 977 3854 1013 3918">
    <p class='ocr_par' dir='ltr' id='par_1_13' title="bbox 977 3854 1013 3918">
     <span class='ocr_line' id='line_1_28' title="bbox 977 3854 1013 3918; baseline 0 0"><span class='ocrx_word' id='word_1_156' title='bbox 977 3854 1013 3918; x_wconf 92' lang='lat' dir='ltr'><strong>II</strong></span> 
     </span>
    </p>
   </div>
   <div class='ocr_carea' id='block_1_13' title="bbox 519 3949 1451 4045">
    <p class='ocr_par' dir='ltr' id='par_1_14' title="bbox 519 3949 1451 4045">
     <span class='ocr_line' id='line_1_29' title="bbox 519 3949 1451 4045; baseline 0.006 -27"><span class='ocrx_word' id='word_1_157' title='bbox 519 3949 798 4038; x_wconf 85' lang='lat' dir='ltr'><strong>Semianimesque</strong></span> <span class='ocrx_word' id='word_1_158' title='bbox 820 3953 943 4018; x_wconf 86' lang='lat' dir='ltr'><strong>micant</strong></span> <span class='ocrx_word' id='word_1_159' title='bbox 967 3955 1052 4020; x_wconf 93' lang='lat' dir='ltr'><strong>oculi</strong></span> <span class='ocrx_word' id='word_1_160' title='bbox 1074 3955 1243 4044; x_wconf 89' lang='lat' dir='ltr'><strong>lucemque</strong></span> <span class='ocrx_word' id='word_1_161' title='bbox 1266 3960 1451 4045; x_wconf 89' lang='lat' dir='ltr'><strong>requirunt.</strong></span> 
     </span>
    </p>
   </div>
   <div class='ocr_carea' id='block_1_14' title="bbox 433 4143 1561 4751">
    <p class='ocr_par' dir='ltr' id='par_1_15' title="bbox 433 4143 1561 4624">
     <span class='ocr_line' id='line_1_30' title="bbox 433 4143 1561 4212; baseline 0.008 -19"><span class='ocrx_word' id='word_1_162' title='bbox 433 4143 538 4193; x_wconf 90' lang='lat' dir='ltr'><strong>Liber</strong></span> <span class='ocrx_word' id='word_1_163' title='bbox 561 4143 589 4193; x_wconf 96' lang='lat' dir='ltr'><strong>II</strong></span> <span class='ocrx_word' id='word_1_164' title='bbox 633 4143 708 4192; x_wconf 82' lang='lat' dir='ltr'><strong>lcf.</strong></span> <span class='ocrx_word' id='word_1_165' title='bbox 727 4143 777 4208; x_wconf 90' lang='lat' dir='ltr'><strong>Ap.</strong></span> <span class='ocrx_word' id='word_1_166' title='bbox 797 4143 884 4194; x_wconf 81' lang='lat' dir='ltr'><strong>Rhod.</strong></span> <span class='ocrx_word' id='word_1_167' title='bbox 904 4146 932 4196; x_wconf 96' lang='lat' dir='ltr'><strong>II</strong></span> <span class='ocrx_word' id='word_1_168' title='bbox 955 4146 1005 4197; x_wconf 85' lang='lat'><strong>500</strong></span> <span class='ocrx_word' id='word_1_169' title='bbox 1022 4158 1082 4212; x_wconf 82' lang='lat' dir='ltr'><strong>sqq.</strong></span> <span class='ocrx_word' id='word_1_170' title='bbox 1153 4146 1181 4198; x_wconf 94' lang='lat'><strong>11</strong></span> <span class='ocrx_word' id='word_1_171' title='bbox 1204 4147 1325 4207; x_wconf 79' lang='lat' dir='ltr'><strong>Audacia</strong></span> <span class='ocrx_word' id='word_1_172' title='bbox 1348 4149 1382 4200; x_wconf 86' lang='lat' dir='ltr'><strong>de</strong></span> <span class='ocrx_word' id='word_1_173' title='bbox 1405 4150 1510 4202; x_wconf 84' lang='lat' dir='ltr'><strong>Scauri</strong></span> <span class='ocrx_word' id='word_1_174' title='bbox 1534 4157 1561 4206; x_wconf 84' lang='lat' dir='ltr'><strong>et</strong></span> 
     </span>
     <span class='ocr_line' id='line_1_31' title="bbox 434 4210 1560 4280; baseline 0.012 -21"><span class='ocrx_word' id='word_1_175' title='bbox 434 4210 556 4261; x_wconf 85' lang='lat' dir='ltr'><strong>Palladii</strong></span> <span class='ocrx_word' id='word_1_176' title='bbox 574 4210 653 4261; x_wconf 90' lang='lat' dir='ltr'><strong>libris</strong></span> <span class='ocrx_word' id='word_1_177' title='bbox 672 4214 803 4276; x_wconf 84' lang='lat' dir='ltr'><strong>excerpta</strong></span> <span class='ocrx_word' id='word_1_178' title='bbox 821 4213 850 4261; x_wconf 92' lang='lat' dir='ltr'><strong>in</strong></span> <span class='ocrx_word' id='word_1_179' title='bbox 869 4213 928 4263; x_wconf 90' lang='lat' dir='ltr'><strong>cod.</strong></span> <span class='ocrx_word' id='word_1_180' title='bbox 947 4213 1030 4267; x_wconf 90' lang='lat' dir='ltr'><strong>Bern.</strong></span> <span class='ocrx_word' id='word_1_181' title='bbox 1043 4216 1093 4266; x_wconf 80' lang='lat'><strong>336</strong></span> <span class='ocrx_word' id='word_1_182' title='bbox 1111 4231 1186 4266; x_wconf 84' lang='lat' dir='ltr'><strong>saec.</strong></span> <span class='ocrx_word' id='word_1_183' title='bbox 1199 4217 1239 4266; x_wconf 87' lang='lat' dir='ltr'><strong>IX</strong></span> <span class='ocrx_word' id='word_1_184' title='bbox 1258 4216 1307 4280; x_wconf 83' lang='lat' dir='ltr'><strong>(cf.</strong></span> <span class='ocrx_word' id='word_1_185' title='bbox 1326 4217 1507 4272; x_wconf 86' lang='lat' dir='ltr'><strong>Wuellnerus</strong></span> <span class='ocrx_word' id='word_1_186' title='bbox 1525 4221 1560 4272; x_wconf 87' lang='lat' dir='ltr'><strong>de</strong></span> 
     </span>
     <span class='ocr_line' id='line_1_32' title="bbox 433 4279 1559 4355; baseline 0.009 -27"><span class='ocrx_word' id='word_1_187' title='bbox 433 4280 513 4329; x_wconf 87' lang='lat' dir='ltr'><strong>Varr.</strong></span> <span class='ocrx_word' id='word_1_188' title='bbox 538 4279 618 4332; x_wconf 85' lang='lat' dir='ltr'><strong>Atac.</strong></span> <span class='ocrx_word' id='word_1_189' title='bbox 641 4296 669 4344; x_wconf 89' lang='lat' dir='ltr'><strong>p.</strong></span> <span class='ocrx_word' id='word_1_190' title='bbox 688 4279 731 4342; x_wconf 83' lang='lat'><strong>20)</strong></span> <span class='ocrx_word' id='word_1_191' title='bbox 755 4280 859 4331; x_wconf 80' lang='lat' dir='ltr'><strong>‘Varro</strong></span> <span class='ocrx_word' id='word_1_192' title='bbox 881 4281 911 4330; x_wconf 90' lang='lat' dir='ltr'><strong>in</strong></span> <span class='ocrx_word' id='word_1_193' title='bbox 932 4280 1122 4346; x_wconf 65' lang='lat' dir='ltr'><strong>Argonautis!</strong></span> <span class='ocrx_word' id='word_1_194' title='bbox 1163 4283 1429 4350; x_wconf 66' lang='lat' dir='ltr'><strong>Cuspianorum</strong></span> <span class='ocrx_word' id='word_1_195' title='bbox 1449 4288 1498 4339; x_wconf 83' lang='grc'><strong>711</strong></span> <span class='ocrx_word' id='word_1_196' title='bbox 1519 4306 1559 4355; x_wconf 88' lang='lat' dir='ltr'><strong>sq.</strong></span> 
     </span>
     <span class='ocr_line' id='line_1_33' title="bbox 433 4347 1558 4418; baseline 0.009 -21"><span class='ocrx_word' id='word_1_197' title='bbox 433 4347 475 4397; x_wconf 93' lang='lat' dir='ltr'><strong>III</strong></span> <span class='ocrx_word' id='word_1_198' title='bbox 494 4347 606 4398; x_wconf 84' lang='lat' dir='ltr'><strong>Seruius</strong></span> <span class='ocrx_word' id='word_1_199' title='bbox 625 4350 653 4397; x_wconf 90' lang='lat' dir='ltr'><strong>in</strong></span> <span class='ocrx_word' id='word_1_200' title='bbox 672 4347 879 4412; x_wconf 81' lang='lat' dir='ltr'><strong>Georg.11404</strong></span> <span class='ocrx_word' id='word_1_201' title='bbox 898 4349 1046 4401; x_wconf 86' lang='lat' dir='ltr'><strong>‘Varronis</strong></span> <span class='ocrx_word' id='word_1_202' title='bbox 1063 4357 1181 4405; x_wconf 66' lang='lat' dir='ltr'><strong>uersus!</strong></span> <span class='ocrx_word' id='word_1_203' title='bbox 1217 4351 1260 4405; x_wconf 82' lang='lat' dir='ltr'><strong>Of.</strong></span> <span class='ocrx_word' id='word_1_204' title='bbox 1272 4352 1324 4418; x_wconf 86' lang='lat' dir='ltr'><strong>Ap.</strong></span> <span class='ocrx_word' id='word_1_205' title='bbox 1336 4353 1425 4405; x_wconf 87' lang='lat' dir='ltr'><strong>Rhod.</strong></span> <span class='ocrx_word' id='word_1_206' title='bbox 1440 4356 1469 4406; x_wconf 91' lang='lat'><strong>11</strong></span> <span class='ocrx_word' id='word_1_207' title='bbox 1483 4358 1558 4409; x_wconf 76' lang='lat'><strong>1102.</strong></span> 
     </span>
     <span class='ocr_line' id='line_1_34' title="bbox 433 4404 1559 4485; baseline 0.012 -23"><span class='ocrx_word' id='word_1_208' title='bbox 433 4416 537 4466; x_wconf 87' lang='lat' dir='ltr'><strong>Liber</strong></span> <span class='ocrx_word' id='word_1_209' title='bbox 559 4415 610 4466; x_wconf 93' lang='lat' dir='ltr'><strong>III</strong></span> <span class='ocrx_word' id='word_1_210' title='bbox 654 4416 667 4465; x_wconf 96' lang='lat' dir='ltr'>I</span> <span class='ocrx_word' id='word_1_211' title='bbox 684 4414 792 4466; x_wconf 84' lang='lat' dir='ltr'><strong>Seneca</strong></span> <span class='ocrx_word' id='word_1_212' title='bbox 816 4404 902 4468; x_wconf 80' lang='lat' dir='ltr'><strong>cobtr.</strong></span> <span class='ocrx_word' id='word_1_213' title='bbox 921 4417 963 4466; x_wconf 93' lang='lat' dir='ltr'><strong>III</strong></span> <span class='ocrx_word' id='word_1_214' title='bbox 982 4419 1021 4470; x_wconf 85' lang='lat'><strong>16.</strong></span> <span class='ocrx_word' id='word_1_215' title='bbox 1042 4430 1044 4434; x_wconf 84' lang='lat'>&#39;</span> <span class='ocrx_word' id='word_1_216' title='bbox 1062 4419 1183 4485; x_wconf 87' lang='lat' dir='ltr'><strong>‘Optimi</strong></span> <span class='ocrx_word' id='word_1_217' title='bbox 1204 4437 1300 4472; x_wconf 85' lang='lat' dir='ltr'><strong>uersus</strong></span> <span class='ocrx_word' id='word_1_218' title='bbox 1321 4422 1478 4475; x_wconf 61' lang='lat' dir='ltr'><strong>Varronis)</strong></span> <span class='ocrx_word' id='word_1_219' title='bbox 1515 4424 1559 4478; x_wconf 78' lang='lat' dir='ltr'><strong>Gi.</strong></span> 
     </span>
     <span class='ocr_line' id='line_1_35' title="bbox 434 4483 1559 4554; baseline 0.012 -23"><span class='ocrx_word' id='word_1_220' title='bbox 434 4483 484 4545; x_wconf 85' lang='lat' dir='ltr'><strong>Ap.</strong></span> <span class='ocrx_word' id='word_1_221' title='bbox 503 4483 590 4533; x_wconf 88' lang='lat' dir='ltr'><strong>Rhod.</strong></span> <span class='ocrx_word' id='word_1_222' title='bbox 608 4484 651 4533; x_wconf 94' lang='lat' dir='ltr'><strong>III</strong></span> <span class='ocrx_word' id='word_1_223' title='bbox 669 4485 718 4534; x_wconf 81' lang='grc'><strong>749</strong></span> <span class='ocrx_word' id='word_1_224' title='bbox 737 4501 776 4550; x_wconf 90' lang='lat' dir='ltr'><strong>sq.</strong></span> <span class='ocrx_word' id='word_1_225' title='bbox 846 4487 875 4536; x_wconf 90' lang='lat' dir='ltr'>H</span> <span class='ocrx_word' id='word_1_226' title='bbox 894 4484 1036 4538; x_wconf 83' lang='lat' dir='ltr'><strong>Charisius</strong></span> <span class='ocrx_word' id='word_1_227' title='bbox 1053 4505 1080 4554; x_wconf 88' lang='lat' dir='ltr'><strong>p.</strong></span> <span class='ocrx_word' id='word_1_228' title='bbox 1100 4491 1146 4549; x_wconf 84' lang='lat'><strong>90,</strong></span> <span class='ocrx_word' id='word_1_229' title='bbox 1170 4489 1275 4539; x_wconf 74' lang='lat' dir='ltr'><strong>Nonius</strong></span> <span class='ocrx_word' id='word_1_230' title='bbox 1297 4506 1324 4554; x_wconf 92' lang='lat' dir='ltr'><strong>p.</strong></span> <span class='ocrx_word' id='word_1_231' title='bbox 1345 4492 1407 4550; x_wconf 82' lang='lat'>191,</span> <span class='ocrx_word' id='word_1_232' title='bbox 1428 4493 1559 4543; x_wconf 86' lang='lat' dir='ltr'><strong>Incertus</strong></span> 
     </span>
     <span class='ocr_line' id='line_1_36' title="bbox 434 4551 1453 4624; baseline 0.017 -27"><span class='ocrx_word' id='word_1_233' title='bbox 434 4566 461 4613; x_wconf 90' lang='lat' dir='ltr'><strong>p.</strong></span> <span class='ocrx_word' id='word_1_234' title='bbox 481 4553 546 4601; x_wconf 81' lang='grc'><strong>2777</strong></span> <span class='ocrx_word' id='word_1_235' title='bbox 566 4551 677 4602; x_wconf 88' lang='lat' dir='ltr'><strong>Putsch.</strong></span> <span class='ocrx_word' id='word_1_236' title='bbox 714 4553 815 4603; x_wconf 83' lang='lat' dir='ltr'><strong>‘Varro</strong></span> <span class='ocrx_word' id='word_1_237' title='bbox 833 4554 988 4605; x_wconf 82' lang='lat' dir='ltr'><strong>Atacinus’</strong></span> <span class='ocrx_word' id='word_1_238' title='bbox 1029 4555 1072 4607; x_wconf 84' lang='lat' dir='ltr'><strong>Of.</strong></span> <span class='ocrx_word' id='word_1_239' title='bbox 1091 4556 1142 4621; x_wconf 87' lang='lat' dir='ltr'><strong>Ap.</strong></span> <span class='ocrx_word' id='word_1_240' title='bbox 1160 4557 1247 4609; x_wconf 86' lang='lat' dir='ltr'><strong>Rhod.</strong></span> <span class='ocrx_word' id='word_1_241' title='bbox 1265 4558 1308 4609; x_wconf 91' lang='lat'><strong>111</strong></span> <span class='ocrx_word' id='word_1_242' title='bbox 1326 4559 1393 4608; x_wconf 80' lang='lat'>1214</span> <span class='ocrx_word' id='word_1_243' title='bbox 1410 4574 1453 4624; x_wconf 86' lang='lat' dir='ltr'><strong>sq.</strong></span> 
     </span>
    </p>

    <p class='ocr_par' dir='ltr' id='par_1_16' title="bbox 434 4617 1558 4751">
     <span class='ocr_line' id='line_1_37' title="bbox 434 4617 1558 4694; baseline 0.013 -29"><span class='ocrx_word' id='word_1_244' title='bbox 434 4617 535 4667; x_wconf 86' lang='lat' dir='ltr'><strong>Liber</strong></span> <span class='ocrx_word' id='word_1_245' title='bbox 553 4618 596 4668; x_wconf 93' lang='lat' dir='ltr'><strong>IV</strong></span> <span class='ocrx_word' id='word_1_246' title='bbox 631 4621 644 4669; x_wconf 95' lang='grc' dir='ltr'>Ι</span> <span class='ocrx_word' id='word_1_247' title='bbox 664 4621 854 4681; x_wconf 79' lang='lat' dir='ltr'><strong>Quintilianus</strong></span> <span class='ocrx_word' id='word_1_248' title='bbox 872 4623 923 4684; x_wconf 86' lang='lat'><strong>15,</strong></span> <span class='ocrx_word' id='word_1_249' title='bbox 938 4625 968 4674; x_wconf 79' lang='lat'><strong>18</strong></span> <span class='ocrx_word' id='word_1_250' title='bbox 995 4624 1038 4677; x_wconf 57' lang='grc' dir='ltr'><strong>(Ρ.</strong></span> <span class='ocrx_word' id='word_1_251' title='bbox 1050 4625 1158 4676; x_wconf 83' lang='lat' dir='ltr'><strong>Varro’</strong></span> <span class='ocrx_word' id='word_1_252' title='bbox 1178 4625 1220 4676; x_wconf 80' lang='lat' dir='ltr'><strong>Cf.</strong></span> <span class='ocrx_word' id='word_1_253' title='bbox 1234 4627 1285 4692; x_wconf 90' lang='lat' dir='ltr'><strong>Ap.</strong></span> <span class='ocrx_word' id='word_1_254' title='bbox 1298 4625 1386 4681; x_wconf 84' lang='lat' dir='ltr'><strong>Rhod.</strong></span> <span class='ocrx_word' id='word_1_255' title='bbox 1399 4627 1439 4677; x_wconf 83' lang='lat' dir='ltr'><strong>lv</strong></span> <span class='ocrx_word' id='word_1_256' title='bbox 1452 4629 1504 4679; x_wconf 84' lang='grc'><strong>597</strong></span> <span class='ocrx_word' id='word_1_257' title='bbox 1518 4645 1558 4694; x_wconf 88' lang='lat' dir='ltr'><strong>sq.</strong></span> 
     </span>
     <span class='ocr_line' id='line_1_38' title="bbox 435 4683 1557 4751; baseline 0.015 -17"><span class='ocrx_word' id='word_1_258' title='bbox 435 4683 463 4734; x_wconf 90' lang='lat'><strong>11</strong></span> <span class='ocrx_word' id='word_1_259' title='bbox 481 4683 592 4735; x_wconf 85' lang='lat' dir='ltr'><strong>Seruius</strong></span> <span class='ocrx_word' id='word_1_260' title='bbox 615 4688 643 4737; x_wconf 89' lang='lat' dir='ltr'><strong>in</strong></span> <span class='ocrx_word' id='word_1_261' title='bbox 665 4689 733 4740; x_wconf 90' lang='lat' dir='ltr'><strong>Aen.</strong></span> <span class='ocrx_word' id='word_1_262' title='bbox 751 4689 776 4739; x_wconf 88' lang='lat' dir='ltr'>X</span> <span class='ocrx_word' id='word_1_263' title='bbox 798 4693 848 4741; x_wconf 87' lang='lat'><strong>396</strong></span> <span class='ocrx_word' id='word_1_264' title='bbox 886 4691 988 4742; x_wconf 79' lang='lat' dir='ltr'><strong>‘Varro</strong></span> <span class='ocrx_word' id='word_1_265' title='bbox 1010 4692 1160 4745; x_wconf 84' lang='lat' dir='ltr'><strong>Atacinus’</strong></span> <span class='ocrx_word' id='word_1_266' title='bbox 1183 4709 1293 4747; x_wconf 86' lang='lat' dir='ltr'><strong>uersum</strong></span> <span class='ocrx_word' id='word_1_267' title='bbox 1315 4695 1400 4747; x_wconf 84' lang='lat' dir='ltr'><strong>Ennii</strong></span> <span class='ocrx_word' id='word_1_268' title='bbox 1423 4696 1453 4746; x_wconf 90' lang='lat' dir='ltr'><strong>in</strong></span> <span class='ocrx_word' id='word_1_269' title='bbox 1477 4711 1557 4751; x_wconf 84' lang='lat' dir='ltr'><strong>suum</strong></span> 
     </span>
    </p>
   </div>
   <div class='ocr_carea' id='block_1_15' title="bbox 0 0 1785 5709">
    <p class='ocr_par' dir='ltr' id='par_1_17' title="bbox 0 0 1785 5709">
     <span class='ocr_line' id='line_1_39' title="bbox 0 0 1785 5709; baseline 0 0"><span class='ocrx_word' id='word_1_270' title='bbox 0 0 1785 5709; x_wconf 95' lang='lat' dir='ltr'><strong> </strong></span> 
     </span>
    </p>
   </div>
  </div>
 </body>
</html>
