3559 5709
333 682 377 746 30
810 672 939 739 CAPV'I
961 682 971 737 l

333 848 497 935 particeps
526 846 606 929 fuit,
636 844 678 909 cf.
706 844 802 908 Eum.
831 842 966 927 XXH.)
994 853 1028 908 et
1049 842 1262 909 allocutiones
1292 842 1454 933 quaedam

334 948 471 1014 solemni
492 949 683 1034 plerumque
705 945 845 1010 formula
867 954 941 1010 ‘non
956 950 1052 1009 oides’
1077 945 1130 1010 uel
1153 955 1265 1012 ‘nonne
1286 952 1384 1011 uides'
1406 947 1452 1011 in·

334 1052 492 1137 cipientes
525 1049 584 1134 (cf.
611 1050 674 1113 Est
700 1049 786 1113 mod.
816 1057 894 1112 mat.
917 1046 960 1110 V.
993 1045 1103 1112 Flaxt.
1131 1048 1159 1112 Ι.
1193 1053 1332 1131 Γεροντ.
1358 1048 1452 1114 XVI.

334 1151 447 1218 Γνῶθ.
464 1167 495 1216 c.
511 1152 557 1216 ΙΙ.
580 1151 642 1215 IX.
670 1142 742 1214 Ὃν.
759 1147 833 1233 top.
850 1150 913 1214 XI.
948 1149 1029 1234 Pap.
1052 1150 1080 1213 I.
1113 1153 1199 1233 Ταφ.
1222 1154 1311 1214 Μεν.
1336 1150 1452 1214 XXII.

334 1254 468 1319 XXIIL
502 1252 611 1317 Vinal.
627 1252 655 1316 Ι.
683 1241 811 1334 ‘deoa
828 1251 856 1315 I.
881 1289 918 1299 -
932 1244 1031 1333 ”App
1054 1273 1147 1334 μετρ.
1171 1253 1215 1317 II.
1245 1243 1353 1315 Ἐκατ.
1376 1251 1452 1318 VH.

333 1356 429 1421 Sard.
444 1357 472 1420 Ι.
489 1355 580 1443 alia),
604 1364 674 1418 tum
689 1354 724 1417 in
739 1354 902 1418 uniuersis
926 1352 1123 1438 quibusdam
1138 1354 1260 1419 saturis
1276 1354 1454 1441 perspicua

333 1457 460 1524 indoles
475 1457 642 1522 hominum
656 1455 743 1520 inter
758 1479 793 1521 se
809 1455 1047 1542 disputantium
1062 1457 1267 1522 sermonibus
1284 1467 1452 1537 constans,

332 1551 633 1645 1111111111Ὅνῳ
656 1551 776 1639 λύρας,
798 1558 857 1623 ubi
878 1557 1022 1622 musicae
1045 1568 1171 1622 amator
1192 1568 1226 1623 et
1248 1566 1453 1645 contemptor

333 1662 547 1743 collocuntur,
564 1661 647 1725 etin
662 1661 778 1723 Γνῶθι
793 1657 950 1741 σεαυτόν,
973 1659 1032 1724 ubi
1046 1660 1150 1724 uitam
1164 1660 1248 1725 alter
1259 1661 1295 1723 in
1310 1661 1452 1745 agendo,

333 1763 414 1829 alter
436 1765 471 1826 in
493 1760 743 1848 contemplando
766 1763 908 1849 positam
930 1760 1089 1826 defendit.
1133 1761 1199 1827 Hic
1221 1772 1272 1827 est
1293 1760 1350 1825 ille
1381 1771 1452 1826 ‘mo

241 1862 244 1867 ’
333 1873 389 1931 dus
403 1871 590 1930 scaeootilr's’
614 1887 711 1950 quem
733 1864 797 1928 sibi
819 1863 988 1950 proprium
1009 1886 1081 1928 esse
1102 1863 1138 1927 in
1151 1863 1256 1928 Modii
1278 1863 1359 1949 fg.1
1381 1863 1453 1950 ipse

332 1969 438 2034 Varro
460 1967 638 2054 praedicat.
682 1967 722 2031 Iu
743 1964 802 2030 tali
829 1964 1041 2052 dispositione
1069 1975 1101 2030 et
1127 1966 1200 2052 ipsa
1227 1988 1280 2030 res
1309 1964 1454 2052 quadam

333 2069 519 2134 constantia
541 2068 678 2132 tractari
700 2077 733 2131 et
754 2089 806 2131 res
830 2066 994 2153 quaelibet
1014 2067 1159 2132 incidere
1173 2078 1364 2154 potuerunt,
1389 2090 1454 2154 qua

331 2172 450 2235 iterum
472 2171 515 2235 ad
536 2170 676 2235 Luciani
697 2170 811 2235 Iouem
834 2169 1045 2254 Tragoedum
1068 2168 1279 2252 deducimur,
1310 2170 1368 2257 qui
1390 2171 1453 2235 sub

332 2273 431 2336 finem
457 2274 633 2359 praecipue
659 2271 745 2336 hanc
771 2272 931 2337 rationem
959 2271 1081 2358 optime
1102 2271 1266 2336 inlustrat.
1309 2271 1398 2336 Nam
1419 2281 1454 2336 et

330 2373 398 2439 illic
420 2397 485 2441 non
508 2373 654 2440 docendo
677 2372 880 2460 simpliciter,
903 2373 962 2438 sed
978 2372 1179 2460 disputando
1202 2397 1255 2439 res
1277 2384 1454 2440 tractatur.

332 2477 415 2542 Inde
438 2486 547 2541 autem
569 2476 632 2541 hoc
654 2497 783 2562 quoque
805 2475 977 2558 docemur,
1004 2498 1071 2540 non
1092 2474 1233 2540 alienum
1256 2477 1329 2540 esse
1356 2498 1378 2540 a
1398 2498 1454 2560 ge-

334 2600 412 2642 nere
435 2578 698 2664 σπουδογελοίῳ,
722 2587 759 2642 ut
781 2580 929 2663 quaestio
952 2579 987 2642 in
1009 2588 1119 2665 partes
1142 2601 1219 2642 suas
1235 2577 1456 2642 distribuatur

331 2702 454 2765 eaeque
475 2703 536 2766 suo
559 2679 673 2744 ordine
701 2689 960 2765 pertractentur,
993 2681 1030 2745 id
1057 2680 1145 2767 quod
1175 2681 1211 2743 in
1233 2680 1454 2746 Varronianis

331 2783 457 2847 factum
480 2781 771 2871 animaduertimus
795 2783 886 2847 Test.
910 2782 958 2868 fg.
981 2784 1027 2848 II.
1052 2786 1165 2847 reso.
1189 2799 1219 2846 σ.
1243 2783 1271 2846 Ι.

415 2952 571 3038 Prologos
595 2951 698 3016 fuisse
721 2953 794 3017 siue
809 2953 1034 3038 praefationes
1049 2953 1202 3018 uersibus
1217 2975 1455 3040 nonnunquam

330 3057 532 3141 conscriptas
557 3055 613 3138 (cf.
628 3055 779 3142 Iuppiter
794 3055 1003 3140 Tragoedus)
1027 3055 1243 3142 comperimus
1258 3078 1301 3119 ex
1317 3055 1454 3142 Gloriae

330 3159 378 3241 fg.
401 3156 428 3220 I.
452 3155 542 3221 Mod.
565 3157 593 3221 Ι.
617 3148 748 3220 11.'‘0v.
772 3155 846 3238 λύρ.
870 3157 1031 3240 I—-VIII,
1056 3179 1136 3244 quos
1160 3157 1289 3222 cuinam
1310 3156 1455 3224 locutori

330 3258 520 3324 attribuerit
553 3258 694 3344 scriptor
725 3258 885 3323 incertum
920 3268 980 3323 est.
1036 3259 1101 3324 Sed
1127 3259 1357 3344 memorabile,
1391 3259 1453 3325 hos

329 3383 445 3425 uersus
470 3382 579 3424 omnes
603 3362 749 3426 senarios
778 3384 850 3426 esse
877 3361 1035 3426 iambicos
1063 3361 1107 3425 ad
1135 3384 1285 3427 seueram
1307 3363 1455 3429 Graeco·

329 3486 402 3527 rum
424 3462 530 3548 legem
552 3464 766 3550 compositos,
790 3486 888 3550 quam
910 3485 974 3527 non
998 3486 1096 3549 saepe
1119 3464 1322 3531 obseruauit.

413 3631 565 3718 Denique
587 3633 667 3698 duos
691 3633 800 3698 adhuc
822 3635 992 3699 nominare
1014 3656 1188 3720 possumus
1209 3632 1360 3698 homines
1382 3633 1452 3721 qui·

329 3733 392 3798 bus
421 3742 550 3797 saturas
572 3733 681 3800 Varro
711 3735 892 3820 inscripsit:
929 3735 1003 3800 Seio
1033 3735 1089 3822 (cf.
1117 3734 1338 3800 Buechelerus
1367 3759 1453 3801 mus.

329 3833 440 3921 philol.
458 3834 544 3899 XIV
566 3844 626 3904 421
652 3837 713 3924 sq.)
737 3836 937 3920 Bimaroum,
960 3837 1107 3904 Modium
1129 3836 1275 3902 Petmllo
1298 3838 1369 3904 siue
1391 3839 1453 3904 Pe-

328 3935 411 4003 tullo
435 3936 616 4021 dedicauit3
640 3937 683 4001 cf.
706 3938 790 4002 Bim.
814 3940 879 4004 ΙΙΙ.
902 3939 991 4022 Mod.
1014 3941 1042 4004 Ι.

414 4106 480 4174 Sed
498 4107 539 4172 de
561 4107 680 4173 saturis
703 4107 873 4196 hucusque
888 4110 1030 4175 disserui
1052 4120 1219 4197 tamquam
1234 4110 1451 4195 certissimus,

329 4209 461 4296 quinam
475 4211 561 4274 inter
576 4210 734 4275 Varronis
756 4211 859 4277 libros
882 4212 1009 4278 adhoc
1030 4235 1133 4298 genus
1149 4215 1344 4299 pertineant.
1378 4213 1453 4277 Iam

328 4311 428 4395 igitur
456 4311 541 4377 ratio
570 4312 740 4378 reddenda
768 4323 819 4379 est
846 4314 886 4378 dc
916 4316 962 4378 eis
991 4315 1090 4380 rebus
1120 4317 1239 4401 quibus
1269 4325 1402 4380 saturae
1431 4339 1452 4380 a

328 4412 461 4499 reliquis
477 4414 642 4499 differant,
665 4417 873 4504 ipsarumque
896 4424 967 4479 tum
982 4439 1136 4480 numerus
1153 4427 1186 4481 et
1200 4417 1334 4483 nomina
1349 4440 1450 4504 quan-

328 4524 399 4578 tum
421 4515 492 4580 fieri
519 4528 628 4603 potest
650 4519 898 4585 accuratissime
926 4527 1171 4604 componentur.
1216 4520 1310 4585 Libri
1339 4530 1450 4584 autem

328 4618 385 4705 qui
413 4617 447 4680 in
476 4617 560 4684 hanc
588 4645 657 4686 rem
683 4621 849 4707 quadrant
876 4642 942 4684 non
970 4629 1047 4684 sunt
1078 4620 1127 4684 illi
1156 4622 1306 4686 doctrina
1328 4623 1449 4688 Varro·
