3559 5709
427 684 467 747 18
899 690 1026 746 CAPVT
1056 691 1066 745 Ι

511 852 663 919 Alterum
695 852 824 918 accedit
860 863 1088 937 argumentum
1121 875 1140 915 e
1174 852 1324 939 Menippi
1358 854 1545 920 imitatione

423 956 580 1041 petitum,
603 954 659 1040 qui
681 976 755 1018 cum
784 953 950 1018 scribendi
971 954 1131 1019 rationem
1153 954 1406 1041 σπουδογελοίῳ
1427 958 1545 1040 generi

423 1056 598 1122 admodum
620 1056 773 1121 idoneam
793 1056 861 1120 iam
881 1056 1079 1134 inuenisset,
1108 1054 1361 1142 haudquaquam
1382 1057 1545 1123 credibile

423 1169 475 1224 est
489 1183 510 1224 a
525 1158 676 1223 Varrone
690 1158 867 1245 Menippeo
890 1168 1013 1223 temere
1027 1180 1099 1222 eam
1115 1180 1188 1222 esse
1202 1159 1367 1223 reiectam.
1391 1159 1543 1223 Tertium

421 1285 500 1326 uero
523 1260 621 1347 idque
643 1260 875 1344 grauissimum
896 1261 1001 1346 ipsius
1015 1260 1174 1325 Varronis
1196 1260 1260 1325 loci
1281 1259 1428 1326 nonnulli
1447 1284 1543 1348 prae-

420 1364 509 1446 bent,
533 1385 672 1450 quorum
694 1363 751 1449 qui
771 1362 906 1426 minime
920 1370 971 1426 est
985 1371 1104 1441 certus,
1120 1385 1194 1425 eum
1207 1363 1349 1449 primum
1362 1363 1541 1449 proferam.

372 1475 377 1483 '
419 1465 565 1529 Bimarei
587 1465 690 1549 igitur
718 1474 849 1529 saturae
877 1463 1099 1549 fragmentum
1125 1464 1214 1551 apud
1241 1465 1384 1529 Nonium
1409 1488 1442 1551 p.
1466 1474 1541 1548 168,

421 1576 461 1635 13
482 1567 530 1631 ita
551 1566 685 1651 legitur:
711 1571 861 1646 ‘Mihique
882 1572 1020 1631 druidum
1041 1573 1110 1630 strio
1131 1577 1235 1631 codro
1250 1574 1541 1648 papirinoleut'isca-

414 1689 475 1748 pos
495 1674 611 1749 capitio
631 1690 711 1733 nouo
726 1679 826 1749 partu
841 1674 1010 1750 poeticen!
1054 1668 1152 1749 Quod
1174 1667 1330 1733 facillime
1352 1679 1386 1733 et
1407 1679 1446 1733 ut
1467 1692 1540 1733 sen-

418 1770 524 1835 tentia
551 1770 723 1836 commoda
750 1769 872 1835 euadat
900 1770 947 1834 sie
975 1770 1177 1835 restituitur:
1207 1776 1307 1835 ‘Malu‘
1333 1770 1400 1857 (uel
1427 1771 1540 1858 potius

418 1873 514 1956 Inibi)
530 1894 619 1963 quom
640 1878 756 1937 dudum
776 1879 846 1937 stilo
861 1920 869 1935 .
887 1921 896 1936 .
913 1920 922 1936 .
940 1871 986 1957 (l)
1003 1879 1125 1954 papyri
1143 1879 1237 1937 inleur'
1256 1895 1374 1953 scupea,
1398 1880 1541 1954 conopia

419 1994 527 2039 nouom
543 1985 672 2055 partum
695 1968 893 2057 ποιητικόν.’
937 1973 1023 2061 Eam
1048 1983 1158 2039 autem
1180 1975 1375 2060 senteutiam
1396 1975 1540 2040 canendi

418 2076 574 2141 carminis
588 2076 753 2141 >nuntiam
777 2076 884 2161 ipsam
911 2076 1063 2140 uersibus
1092 2098 1164 2140 esse
1186 2063 1377 2163 expressam
1398 2086 1547 2162 nonest

417 2177 522 2263 magis
538 2177 708 2263 probabile
723 2200 822 2262 quam
836 2178 1053 2242 Deuietorum
1068 2176 1139 2241 loco
1155 2163 1243 2264 apud
1257 2177 1401 2242 Nonium
1416 2201 1449 2264 p.
1462 2187 1539 2259 500,

416 2290 437 2351 9
459 2290 607 2346 seruato:
631 2284 728 2344 ‘Libet
748 2301 795 2344 me
816 2275 1050 2361 eptprammatia
1067 2284 1187 2357 facere,
1204 2291 1234 2344 et
1248 2288 1392 2359 quoniam
1412 2286 1540 2345 nomina

415 2404 476 2447 non
503 2389 638 2461 manici,
670 2388 753 2462 quod
777 2389 810 2447 tn
837 2389 934 2447 solum
960 2387 1035 2447 mitt
1054 2389 1191 2461 merit,
1217 2390 1350 2461 ponam’
1380 2405 1538 2450 numeros

416 2483 592 2549 inculeare.
634 2483 736 2548 Cuius
760 2506 834 2549 cum
855 2484 971 2548 eadem
993 2506 1077 2571 quae
1099 2482 1188 2548 illius
1211 2485 1256 2549 sit
1277 2484 1441 2549 sententia
1462 2507 1540 2549 sua·

332 2592 335 2596 ’
415 2587 558 2673 deatqne
585 2608 625 2650 ea
651 2583 707 2664 hic
732 2609 861 2673 quoque
887 2586 1073 2673 pedestrem
1107 2608 1304 2667 sermonem,
1336 2586 1469 2651 humilis
1496 2609 1540 2651 ac

297 2701 304 2713 '
414 2710 518 2774 paene
540 2686 687 2771 uulgaris
711 2686 863 2753 dictionis
879 2688 968 2753 color
988 2688 1095 2773 magis
1118 2688 1214 2773 etiam
1230 2688 1260 2752 ei
1280 2688 1427 2773 opinioni
1442 2688 1538 2752 adiu·

394 2848 407 2861 ,,
413 2799 523 2854 mento
542 2797 606 2854 est.
632 2788 790 2854 Attamen
804 2789 960 2876 pertinax
973 2790 1184 2855 aduersarius
1201 2800 1304 2854 metro
1321 2788 1430 2871 alicui,
1446 2790 1538 2876 quod

414 2881 740 2978 sequantur'demum
762 2891 977 2957 distichorum
999 2915 1127 2973 uersus,
1149 2892 1230 2956 haec
1251 2891 1337 2956 forte
1358 2891 1466 2976 possit
1485 2892 1537 2955 in-

365 3031 368 3036 ·
415 3016 540 3077 serere3
555 2993 660 3058 omnis
676 3004 786 3059 autem
797 2992 962 3078 dubitatio
974 2994 1039 3059 alio
1051 2994 1195 3058 Bimarei
1210 2996 1395 3078 fragmento
1407 2991 1539 3058 tollitur

413 3096 500 3182 quod
521 3095 648 3159 Nonius
675 3118 707 3181 p.
731 3105 809 3176 229,
834 3105 873 3165 22
896 3096 945 3162 ita
968 3094 1122 3160 tradidit:
1159 3101 1226 3159 ‘Ne
1245 3117 1293 3183 me
1309 3102 1443 3175 pedatus
1464 3117 1536 3161 uer-

411 3218 498 3261 suum
512 3203 623 3273 tardor
636 3208 780 3278 reprenet
793 3209 875 3262 terte
888 3219 956 3262 cum
965 3204 1124 3279 pritymon
1138 3203 1277 3275 certum,
1301 3198 1359 3262 ubi
1380 3201 1536 3273 ‘refrenet

412 3306 496 3364 arte'
524 3298 663 3385 palmari
691 3298 770 3365 olim
797 3298 1025 3364 emendatione
1053 3321 1193 3386 raraque
1221 3298 1378 3364 felicitate
1406 3300 1536 3386 Popma

412 3402 565 3467 correxit.
611 3399 765 3465 Ceterum
792 3411 903 3466 utrum
927 3400 1146 3483 choliamb0S,
1174 3424 1256 3487 quos
1283 3401 1396 3481 uerba,
1416 3411 1536 3487 sponte

411 3504 562 3586 offerunt,
585 3503 633 3567 ita
655 3504 781 3569 scribas
805 3527 879 3569 cum
902 3502 1052 3568 Vahleno
1074 3526 1107 3589 p.
1132 3513 1208 3574 139:

563 3610 610 3668 Ne
630 3608 681 3669 me
693 3613 827 3686 pedatus
849 3609 992 3670 uersuum
1008 3653 1017 3668 .
1034 3599 1058 3669 .'.
1074 3607 1186 3670 tcirdor

562 3710 713 3784 Refre'net
734 3720 802 3771 arte
822 3710 962 3787 compari
981 3710 1141 3789 rhythmo'n
1161 3709 1277 3772 cartwn

410 3830 494 3896 quae
529 3809 578 3873 ita
609 3807 754 3895 suppleri
787 3808 875 3873 uult:
921 3809 1028 3873 ‘uarie
1060 3816 1093 3873 et
1124 3810 1275 3875 uersibus
1314 3820 1347 3874 et
1378 3833 1533 3877 sermone

409 3911 545 3975 miscere
577 3910 759 3976 orationem
790 3908 934 3997 placet'‚
968 3933 1012 3974 an
1043 3906 1237 3998 displicente
1275 3921 1346 3976 arte
1382 3915 1533 3999 compari

409 4036 493 4100 quae
516 4013 560 4078 sit
581 4034 635 4076 ars
658 4035 761 4100 pares,
777 4036 894 4077 uersus
917 4013 1065 4078 efficiens
1088 4013 1136 4077 sic
1156 4036 1285 4078 mecum
1306 4036 1427 4100 ponas:

566 4120 613 4178 Ne
634 4119 684 4180 me
700 4122 832 4208 pedatus
853 4119 1016 4180 aetrnum.
1041 4110 1059 4179 .'
1081 4118 1192 4180 tdrdor

416 4221 422 4229 '
489 4252 491 4256 ·
560 4220 712 4294 Refreitet
733 4228 809 4294 arte,
834 4221 999 4298 cornprimo
1021 4220 1180 4299 rhythmo'n
1201 4221 1324 4297 se'rtum,

407 4342 450 4383 an
478 4318 575 4382 aliam
604 4329 736 4405 praeter
762 4318 835 4382 illas
862 4318 1034 4384 lectionem
1068 4320 1252 4404 excogites,
1286 4323 1367 4384 haec
1398 4342 1532 4407 semper

386 4422 569 4486 vsententia
590 4420 752 4485 manebit:
777 4443 797 4484 a
811 4419 987 4506 pectendo,
1013 4443 1113 4506 quum
1134 4422 1230 4486 nimis
1246 4420 1341 4486 tarde
1355 4422 1529 4507 procedat,

406 4545 493 4586 nunc
514 4521 596 4587 libet
624 4523 801 4588 abstinere.
845 4519 944 4586 Nullo
967 4532 1077 4587 autem
1098 4524 1195 4588 modo
1225 4546 1265 4588 ea
1291 4523 1348 4587 illo
1376 4534 1529 4611 spectare

405 4633 560 4710 possunt,
582 4634 620 4688 ut
641 4626 742 4690 totius
765 4634 898 4689 saturae
920 4623 1018 4687 finem
1039 4624 1201 4708 indicent3
1230 4626 1320 4690 hisce
1343 4626 1431 4689 enim
1453 4650 1529 4692 ner-
