3559 5709
682 714 811 770 tnpvr
832 715 854 769 ll
1331 712 1371 778 87

245 876 351 942 trario
381 877 421 942 de
451 878 638 942 saturnio
667 886 770 943 metro
804 876 978 941 dicendum
1011 889 1078 961 cst,
1113 879 1166 944 cui
1198 891 1371 968 postquam

247 979 459 1044 Hermannus
475 979 693 1044 inclementis
709 979 811 1044 doctr.
828 989 921 1044 metr.
938 1003 970 1066 p.
987 988 1048 1049 640
1068 980 1206 1046 Eumen.
1224 981 1270 1068 fg.
1286 983 1372 1048 VIII

247 1091 284 1145 ct
298 1081 351 1145 IX
373 1081 574 1163 uindicauit,
597 1103 662 1145 non
685 1082 819 1146 deerant
842 1081 897 1167 qui
921 1091 953 1146 et
975 1080 1036 1146 hoc
1051 1082 1229 1167 probarent
1251 1093 1283 1148 et
1305 1085 1373 1154 alia

247 1205 379 1269 quoque
413 1183 517 1248 eidem
544 1195 647 1249 metro
685 1184 854 1268 iniungere
888 1181 1130 1271 temptarent¹).
1185 1184 1252 1250 Sed
1283 1196 1370 1251 recto

247 1283 470 1349 Buechelerus
495 1285 515 1350 l.
532 1308 560 1350 c.
583 1308 615 1371 p.
632 1294 694 1356 429
718 1309 766 1371 sq.
790 1295 912 1368 monet,
935 1285 1128 1368 Varronem,
1151 1286 1180 1350 si
1202 1285 1287 1352 forte
1308 1286 1370 1352 hoc

246 1396 352 1451 metro
375 1396 539 1452 uetustate
561 1386 743 1453 uenerabili
765 1388 908 1453 uoluerit
930 1388 988 1470 uti,
1012 1387 1093 1452 alias
1117 1389 1234 1453 saltem
1256 1410 1294 1453 eo
1317 1412 1369 1454 res

246 1510 347 1573 quam
381 1510 461 1574 quas
500 1489 581 1553 dicit
613 1474 842 1574 ‘grucndliche
875 1489 1119 1554 Deductionen'
1155 1498 1370 1556 tractaturum

245 1588 364 1653 fuisse.
410 1588 476 1654 Sed
498 1600 531 1655 et
553 1589 635 1655 haec
656 1591 775 1677 partlm
803 1590 948 1677 pedestri
976 1613 1123 1658 sermone
1147 1592 1272 1677 scripta
1293 1602 1370 1658 sunt

245 1690 367 1775 partim
389 1692 501 1754 metris
530 1692 729 1757 uindicanda
752 1691 841 1773 aliis,
871 1702 904 1756 et
932 1692 1063 1758 omnino
1092 1716 1167 1757 cum
1188 1693 1369 1759 Varronem

245 1790 336 1855 Enni
358 1791 548 1878 Plautique,
572 1816 637 1857 non
659 1793 840 1859 Andronici
862 1793 917 1857 uel
939 1794 1045 1859 Naeui
1068 1805 1172 1860 artem
1192 1798 1368 1883 praecipue

244 1893 405 1979 probasse
427 1895 569 1958 maxime
593 1896 637 1962 sit
655 1895 847 1978 uerisimile,
877 1895 942 1960 nisi
962 1897 1159 1980 grauissima
1180 1909 1298 1983 cogent
1319 1921 1369 1963 ar·

244 2005 411 2079 gemente,
435 2018 455 2059 a
469 2005 572 2061 metro
588 1997 661 2082 plus
678 2007 808 2062 centurn
829 1997 923 2062 annis
945 1997 1012 2081 iam
1034 1997 1179 2086 obsoleto
1188 1999 1214 2086 ²)
1238 2002 1273 2063 in
1295 2022 1367 2064 eum

243 2095 417 2160 inferendo
441 2097 672 2163 abstinendum
695 2100 766 2163 erit.

331 2196 424 2262 Haec
453 2198 553 2284 igitur
582 2200 623 2264 de
652 2201 772 2286 quibus
796 2200 865 2265 dixi
887 2209 993 2265 metra
1015 2202 1042 2265 si
1065 2203 1289 2286 enumerabis,
1321 2204 1368 2269 ui-

243 2298 330 2383 ginti
352 2300 498 2365 inuenIes
522 2302 640 2386 quibus
664 2301 770 2366 Varro
793 2325 872 2367 usus
897 2312 957 2384 est,
980 2324 1119 2388 quorum
1140 2327 1323 2387 numerum,
1339 2307 1368 2370 si

241 2401 386 2466 iambica
408 2411 441 2467 et
462 2403 627 2468 trochaica
653 2404 687 2468 in
711 2404 840 2468 Graeca
867 2403 1048 2490 Italicaque
1076 2405 1233 2470 diuidere
1250 2407 1301 2470 uis
1324 2407 1366 2471 ad

243 2524 305 2566 sex
338 2512 372 2568 et
405 2504 526 2589 uiginti
555 2506 679 2591 poteris
713 2528 849 2591 augere,
882 2528 957 2571 cum
989 2528 1091 2570 unum
1122 2515 1250 2571 tantum
1281 2509 1366 2573 inter

175 2637 179 2644 ·
227 2612 371 2691 'septem
398 2604 455 2670 illa
485 2608 528 2670 sit
559 2617 698 2672 metrum
731 2609 935 2672 octonarium
966 2610 1143 2674 iambicum
1175 2610 1268 2675 cuius
1300 2633 1367 2675 non

240 2706 376 2771 inuenio
399 2707 550 2793 exempla
573 2710 719 2775 Graecae
742 2710 941 2776 seueritatis.
985 2711 1024 2775 L.
1045 2710 1222 2776 Muellerus
1245 2722 1365 2797 autem,

241 2830 319 2873 cum
338 2832 372 2895 p.
389 2817 429 2881 88
451 2810 570 2894 uiginti
593 2820 746 2897 quattuor
767 2822 873 2876 metra
894 2814 928 2876 in
952 2813 1072 2877 saturis
1096 2821 1210 2878 extare
1232 2815 1364 2896 diceret,

241 2910 386 2974 ionicum
408 2910 633 2978 catalecticum
662 2922 695 2977 et
722 2910 940 2978 acatalectum
970 2924 1002 2979 et
1023 2913 1277 2979 choriambicum
1300 2938 1364 2979 mc-

241 3020 331 3076 trum
351 3011 512 3097 neglexit,
536 3015 700 3079 saturnios
723 3025 832 3081 autem
854 3024 1025 3102 praeterea
1046 3016 1254 3100 adnumerat,
1283 3040 1364 3103 quos
1474 3019 1477 3024 ’

241 3135 305 3198 ego
328 3114 468 3180 detraxi.
513 3116 606 3181 Haec
636 3127 744 3182 autem
773 3126 879 3182 metra
908 3140 951 3181 an
978 3116 1047 3182 sola
1074 3117 1216 3183 Varroni
1243 3118 1366 3185 fuerint
1467 3126 1471 3133 '

240 3225 416 3301 usurpata,
446 3218 500 3282 cui
523 3230 725 3303 compertum
748 3220 820 3284 est?
853 3220 927 3306 quis
957 3218 1019 3284 scit
1045 3242 1124 3284 num
1145 3220 1365 3307 quadraginta

242 3326 349 3381 metra
370 3340 455 3404 quae
477 3319 545 3385 fere
568 3319 671 3405 fuisse
692 3319 748 3385 ille
770 3324 803 3385 in
818 3321 1002 3406 Menippeis
1023 3331 1129 3407 putat,
1153 3345 1219 3386 non
1241 3324 1285 3389 sit
1307 3346 1364 3387 nu-

239 3441 349 3484 merus
380 3421 478 3485 etiam
508 3423 614 3486 minor
644 3445 742 3509 quam
770 3445 823 3486 res
851 3424 988 3508 poscat?
1037 3423 1124 3487 Nam
1149 3423 1211 3489 hoc
1239 3434 1363 3490 certum

240 3529 301 3602 est,
328 3521 510 3587 Varronem
539 3546 672 3610 operam
700 3524 844 3609 dedisse,
872 3533 910 3587 ut
938 3533 1093 3611 quantam
1120 3535 1231 3611 posset
1259 3526 1363 3591 uarie-

239 3631 342 3688 tatem
370 3632 407 3688 ut
430 3624 502 3690 aliis
532 3626 567 3689 in
595 3627 693 3690 rebus
717 3627 763 3690 sic
790 3627 825 3690 in
852 3628 965 3689 metris
993 3627 1166 3692 excoleret.
1216 3627 1363 3693 Plurima

238 3724 344 3810 igitur
366 3725 435 3790 eius
458 3736 563 3792 metra
590 3750 633 3792 cx
660 3728 766 3792 Ennio
796 3729 996 3793 scaenicisue
1024 3730 1167 3815 antiquis
1191 3730 1363 3817 desumpta

240 3836 327 3909 sunt,
350 3849 427 3912 pars
449 3837 559 3893 autem
579 3837 655 3893 anto
671 3830 853 3894 Varronem
875 3851 941 3893 non
962 3830 1094 3895 uidetur
1108 3832 1143 3895 in
1164 3855 1227 3896 usu
1248 3832 1360 3913 fuisse,

238 3928 326 3992 sicut
348 3930 446 3993 etiam
475 3940 551 3995 sunt
573 3953 656 4016 quae
679 3930 750 4015 ipse
772 3940 956 4017 postremus
978 3931 1139 3997 adhibuit.
1183 3924 1361 3997 Medium

237 4029 371 4114 igitur
394 4032 593 4117 quendam
619 4033 727 4097 inter
754 4042 956 4097 uetustam
978 4035 1131 4119 poesim
1152 4034 1359 4119 illamque,

238 4131 538 4217 quaeAugusti
561 4156 659 4200 aeuo
683 4133 896 4215 effloruit,
912 4135 1042 4199 locum
1064 4137 1207 4217 tenuit,
1222 4135 1258 4199 id
1273 4135 1360 4221 quod

324 4320 349 4378 ll
370 4321 540 4373 Ribbeckius
553 4338 621 4373 mus.
635 4322 730 4388 philol.
744 4324 809 4374 XIV
822 4324 870 4374 108
890 4322 997 4373 addidit
1008 4324 1088 4373 Eum.
1105 4324 1143 4387 X3
1162 4325 1194 4374 L.
1208 4324 1359 4377 Muellerus

236 4423 262 4471 p.
283 4408 316 4457 89
334 4408 412 4458 Eum.
426 4406 476 4456 III.
496 4407 586 4459 XXII.
606 4408 706 4474 Sexag.
725 4408 771 4458 IV.
791 4408 823 4457 V.
843 4407 918 4459 VIII.

323 4490 349 4553 2)
370 4493 484 4542 Versum
503 4493 656 4542 saturnium
676 4509 692 4542 a
711 4492 853 4543 Macrobio
871 4493 911 4554 VI
925 4494 948 4555 l,
962 4494 995 4543 37
1010 4491 1116 4543 *Sucuio
1135 4493 1275 4559 tributum,
1294 4511 1358 4561 poe-

189 4630 192 4634 ,
235 4580 283 4626 tae
306 4577 439 4627 Varronis
461 4580 492 4625 ut
514 4576 623 4627 uidetur
646 4578 704 4627 fere
731 4576 855 4641 aequali,
887 4579 995 4629 Naeuio
1024 4579 1116 4643 potius
1146 4580 1359 4631 adscribendum

236 4676 299 4713 csse
318 4675 386 4713 mus.
404 4658 499 4726 philol.
519 4662 585 4713 XIX
603 4664 653 4714 310
670 4662 807 4728 proposui.
