<?xml version="1.0" encoding="UTF-8"?>
<!DOCTYPE html PUBLIC "-//W3C//DTD XHTML 1.0 Transitional//EN"
    "http://www.w3.org/TR/xhtml1/DTD/xhtml1-transitional.dtd">
<html xmlns="http://www.w3.org/1999/xhtml" xml:lang="en" lang="en">
 <head>
  <title>
</title>
<meta http-equiv="Content-Type" content="text/html;charset=utf-8" />
  <meta name='ocr-system' content='tesseract 3.04.00' />
  <meta name='ocr-capabilities' content='ocr_page ocr_carea ocr_par ocr_line ocrx_word'/>
</head>
<body>
  <div class='ocr_page' id='page_1' title='image "./saturarummenipp00riesgoog_0075.png"; bbox 0 0 3559 5709; ppageno 0'>
   <div class='ocr_carea' id='block_1_1' title="bbox 811 719 1453 781">
    <p class='ocr_par' dir='ltr' id='par_1_1' title="bbox 811 719 1453 781">
     <span class='ocr_line' id='line_1_1' title="bbox 811 719 1453 781; baseline -0.003 -6"><span class='ocrx_word' id='word_1_1' title='bbox 811 719 937 776; x_wconf 80' lang='lat' dir='ltr'>CAPVI</span> <span class='ocrx_word' id='word_1_2' title='bbox 966 719 977 776; x_wconf 93' lang='lat' dir='ltr'>l</span> <span class='ocrx_word' id='word_1_3' title='bbox 1438 719 1453 781; x_wconf 86' lang='lat' dir='ltr'>l</span> 
     </span>
    </p>
   </div>
   <div class='ocr_carea' id='block_1_2' title="bbox 282 881 1457 3312">
    <p class='ocr_par' dir='ltr' id='par_1_2' title="bbox 282 881 1457 3312">
     <span class='ocr_line' id='line_1_2' title="bbox 335 881 1455 970; baseline 0.007 -27"><span class='ocrx_word' id='word_1_4' title='bbox 335 889 447 944; x_wconf 88' lang='lat' dir='ltr'>autem</span> <span class='ocrx_word' id='word_1_5' title='bbox 463 881 621 945; x_wconf 89' lang='lat' dir='ltr'>obscurae</span> <span class='ocrx_word' id='word_1_6' title='bbox 636 882 814 946; x_wconf 89' lang='lat' dir='ltr'>manebant</span> <span class='ocrx_word' id='word_1_7' title='bbox 837 892 870 946; x_wconf 83' lang='lat' dir='ltr'>et</span> <span class='ocrx_word' id='word_1_8' title='bbox 885 883 1099 948; x_wconf 81' lang='lat' dir='ltr'>absconditae</span> <span class='ocrx_word' id='word_1_9' title='bbox 1122 894 1155 948; x_wconf 83' lang='lat' dir='ltr'>et</span> <span class='ocrx_word' id='word_1_10' title='bbox 1176 907 1235 970; x_wconf 90' lang='lat' dir='ltr'>pcr</span> <span class='ocrx_word' id='word_1_11' title='bbox 1260 895 1364 951; x_wconf 90' lang='lat' dir='ltr'>totum</span> <span class='ocrx_word' id='word_1_12' title='bbox 1387 908 1455 951; x_wconf 88' lang='lat' dir='ltr'>sae-</span> 
     </span>
     <span class='ocr_line' id='line_1_3' title="bbox 334 980 1456 1071; baseline 0.006 -25"><span class='ocrx_word' id='word_1_13' title='bbox 334 980 446 1046; x_wconf 90' lang='lat' dir='ltr'>culum</span> <span class='ocrx_word' id='word_1_14' title='bbox 463 983 608 1069; x_wconf 90' lang='lat' dir='ltr'>primum</span> <span class='ocrx_word' id='word_1_15' title='bbox 629 1007 661 1069; x_wconf 93' lang='lat' dir='ltr'>p.</span> <span class='ocrx_word' id='word_1_16' title='bbox 680 982 756 1047; x_wconf 81' lang='lat' dir='ltr'>Chr.</span> <span class='ocrx_word' id='word_1_17' title='bbox 778 985 947 1049; x_wconf 80' lang='lat' dir='ltr'>rarissime</span> <span class='ocrx_word' id='word_1_18' title='bbox 962 988 1297 1071; x_wconf 89' lang='lat' dir='ltr'>commemorantur.¹)</span> <span class='ocrx_word' id='word_1_19' title='bbox 1331 988 1456 1053; x_wconf 81' lang='lat' dir='ltr'>Seneca</span> 
     </span>
     <span class='ocr_line' id='line_1_4' title="bbox 334 1076 1456 1171; baseline 0.006 -23"><span class='ocrx_word' id='word_1_20' title='bbox 334 1085 468 1171; x_wconf 92' lang='lat' dir='ltr'>quidem</span> <span class='ocrx_word' id='word_1_21' title='bbox 485 1076 817 1148; x_wconf 76' lang='grc' dir='ltr'><strong><em>Ἀποκολοκυντώσει</em></strong></span> <span class='ocrx_word' id='word_1_22' title='bbox 840 1108 908 1166; x_wconf 89' lang='lat' dir='ltr'>sua,</span> <span class='ocrx_word' id='word_1_23' title='bbox 938 1108 1034 1171; x_wconf 91' lang='lat' dir='ltr'>quam</span> <span class='ocrx_word' id='word_1_24' title='bbox 1063 1089 1199 1152; x_wconf 87' lang='lat' dir='ltr'>satiram</span> <span class='ocrx_word' id='word_1_25' title='bbox 1227 1087 1303 1154; x_wconf 88' lang='lat' dir='ltr'>libri</span> <span class='ocrx_word' id='word_1_26' title='bbox 1332 1114 1456 1156; x_wconf 91' lang='lat' dir='ltr'>nuncu·</span> 
     </span>
     <span class='ocr_line' id='line_1_5' title="bbox 333 1184 1455 1276; baseline 0.006 -26"><span class='ocrx_word' id='word_1_27' title='bbox 333 1196 431 1272; x_wconf 90' lang='lat' dir='ltr'>pant,</span> <span class='ocrx_word' id='word_1_28' title='bbox 460 1184 660 1251; x_wconf 87' lang='lat' dir='ltr'>Varroniani</span> <span class='ocrx_word' id='word_1_29' title='bbox 689 1186 818 1271; x_wconf 88' lang='lat' dir='ltr'>generis</span> <span class='ocrx_word' id='word_1_30' title='bbox 847 1187 987 1253; x_wconf 88' lang='lat' dir='ltr'>formam</span> <span class='ocrx_word' id='word_1_31' title='bbox 1015 1197 1185 1253; x_wconf 83' lang='lat' dir='ltr'>externam</span> <span class='ocrx_word' id='word_1_32' title='bbox 1215 1191 1455 1276; x_wconf 89' lang='lat' dir='ltr'>quodammodo</span> 
     </span>
     <span class='ocr_line' id='line_1_6' title="bbox 333 1283 1454 1376; baseline 0.009 -27"><span class='ocrx_word' id='word_1_33' title='bbox 333 1288 486 1352; x_wconf 79' lang='lat' dir='ltr'>imitatur</span> <span class='ocrx_word' id='word_1_34' title='bbox 508 1283 923 1376; x_wconf 64' lang='lat' dir='ltr'>praecipue&#39;inscriptione</span> <span class='ocrx_word' id='word_1_35' title='bbox 945 1289 1055 1356; x_wconf 88' lang='lat' dir='ltr'>faceta</span> <span class='ocrx_word' id='word_1_36' title='bbox 1078 1302 1110 1356; x_wconf 91' lang='lat' dir='ltr'>ct</span> <span class='ocrx_word' id='word_1_37' title='bbox 1137 1291 1283 1376; x_wconf 83' lang='lat' dir='ltr'>pedestri</span> <span class='ocrx_word' id='word_1_38' title='bbox 1306 1315 1454 1359; x_wconf 88' lang='lat' dir='ltr'>sermone</span> 
     </span>
     <span class='ocr_line' id='line_1_7' title="bbox 333 1390 1454 1477; baseline 0.003 -22"><span class='ocrx_word' id='word_1_39' title='bbox 333 1412 410 1455; x_wconf 88' lang='lat' dir='ltr'>cum</span> <span class='ocrx_word' id='word_1_40' title='bbox 432 1391 583 1455; x_wconf 88' lang='lat' dir='ltr'>uersibus</span> <span class='ocrx_word' id='word_1_41' title='bbox 606 1390 709 1455; x_wconf 86' lang='lat' dir='ltr'>mixto</span> <span class='ocrx_word' id='word_1_42' title='bbox 736 1390 963 1477; x_wconf 88' lang='lat' dir='ltr'>(Menippeum</span> <span class='ocrx_word' id='word_1_43' title='bbox 984 1402 1094 1457; x_wconf 87' lang='lat' dir='ltr'>autem</span> <span class='ocrx_word' id='word_1_44' title='bbox 1115 1414 1233 1458; x_wconf 93' lang='lat' dir='ltr'>nomen</span> <span class='ocrx_word' id='word_1_45' title='bbox 1255 1394 1297 1459; x_wconf 91' lang='lat' dir='ltr'>ab</span> <span class='ocrx_word' id='word_1_46' title='bbox 1320 1418 1359 1459; x_wconf 89' lang='lat' dir='ltr'>ea</span> <span class='ocrx_word' id='word_1_47' title='bbox 1381 1395 1454 1461; x_wconf 89' lang='lat' dir='ltr'>abs-</span> 
     </span>
     <span class='ocr_line' id='line_1_8' title="bbox 331 1491 1456 1583; baseline 0.003 -27"><span class='ocrx_word' id='word_1_48' title='bbox 331 1491 504 1556; x_wconf 86' lang='lat' dir='ltr'>tinendum</span> <span class='ocrx_word' id='word_1_49' title='bbox 526 1514 599 1556; x_wconf 91' lang='lat' dir='ltr'>esse</span> <span class='ocrx_word' id='word_1_50' title='bbox 620 1515 652 1578; x_wconf 89' lang='lat' dir='ltr'>p.</span> <span class='ocrx_word' id='word_1_51' title='bbox 678 1502 717 1563; x_wconf 83' lang='lat'>19</span> <span class='ocrx_word' id='word_1_52' title='bbox 740 1515 788 1579; x_wconf 91' lang='lat' dir='ltr'>sq.</span> <span class='ocrx_word' id='word_1_53' title='bbox 811 1493 1060 1580; x_wconf 73' lang='lat' dir='ltr'>monstraui);²)</span> <span class='ocrx_word' id='word_1_54' title='bbox 1090 1493 1148 1558; x_wconf 91' lang='lat' dir='ltr'>sed</span> <span class='ocrx_word' id='word_1_55' title='bbox 1169 1495 1198 1559; x_wconf 90' lang='lat' dir='ltr'>is</span> <span class='ocrx_word' id='word_1_56' title='bbox 1220 1518 1305 1560; x_wconf 92' lang='lat' dir='ltr'>unus</span> <span class='ocrx_word' id='word_1_57' title='bbox 1327 1506 1378 1561; x_wconf 88' lang='lat' dir='ltr'>est</span> <span class='ocrx_word' id='word_1_58' title='bbox 1400 1499 1456 1583; x_wconf 90' lang='lat' dir='ltr'>qui</span> 
     </span>
     <span class='ocr_line' id='line_1_9' title="bbox 332 1592 1454 1684; baseline 0.002 -25"><span class='ocrx_word' id='word_1_59' title='bbox 332 1594 495 1659; x_wconf 84' lang='lat' dir='ltr'>Varronis</span> <span class='ocrx_word' id='word_1_60' title='bbox 512 1604 641 1658; x_wconf 89' lang='lat' dir='ltr'>saturas</span> <span class='ocrx_word' id='word_1_61' title='bbox 664 1592 717 1658; x_wconf 91' lang='lat' dir='ltr'>uel</span> <span class='ocrx_word' id='word_1_62' title='bbox 740 1594 882 1659; x_wconf 87' lang='lat' dir='ltr'>fortasse</span> <span class='ocrx_word' id='word_1_63' title='bbox 905 1595 1008 1659; x_wconf 89' lang='lat' dir='ltr'>nouit.</span> <span class='ocrx_word' id='word_1_64' title='bbox 1053 1595 1196 1660; x_wconf 86' lang='lat' dir='ltr'>Plinium</span> <span class='ocrx_word' id='word_1_65' title='bbox 1220 1598 1277 1681; x_wconf 86' lang='lat' dir='ltr'>(H.</span> <span class='ocrx_word' id='word_1_66' title='bbox 1293 1598 1334 1661; x_wconf 89' lang='lat' dir='ltr'>N.</span> <span class='ocrx_word' id='word_1_67' title='bbox 1350 1598 1454 1684; x_wconf 86' lang='lat' dir='ltr'>praef.</span> 
     </span>
     <span class='ocr_line' id='line_1_10' title="bbox 334 1696 1455 1783; baseline 0 -19"><span class='ocrx_word' id='word_1_68' title='bbox 334 1696 408 1781; x_wconf 80' lang='lat'>24),</span> <span class='ocrx_word' id='word_1_69' title='bbox 431 1696 489 1781; x_wconf 90' lang='lat' dir='ltr'>qui</span> <span class='ocrx_word' id='word_1_70' title='bbox 511 1696 621 1759; x_wconf 92' lang='lat' dir='ltr'>omnia</span> <span class='ocrx_word' id='word_1_71' title='bbox 643 1704 868 1781; x_wconf 90' lang='lat' dir='ltr'>perscrutatus</span> <span class='ocrx_word' id='word_1_72' title='bbox 893 1706 958 1779; x_wconf 89' lang='lat' dir='ltr'>est,</span> <span class='ocrx_word' id='word_1_73' title='bbox 980 1697 1211 1783; x_wconf 85' lang='lat' dir='ltr'>inscriptiones</span> <span class='ocrx_word' id='word_1_74' title='bbox 1235 1699 1317 1763; x_wconf 89' lang='lat' dir='ltr'>duas</span> <span class='ocrx_word' id='word_1_75' title='bbox 1340 1699 1455 1765; x_wconf 90' lang='lat' dir='ltr'>horum</span> 
     </span>
     <span class='ocr_line' id='line_1_11' title="bbox 335 1796 1455 1883; baseline 0.004 -23"><span class='ocrx_word' id='word_1_76' title='bbox 335 1796 495 1863; x_wconf 91' lang='lat' dir='ltr'>librorum</span> <span class='ocrx_word' id='word_1_77' title='bbox 518 1797 682 1883; x_wconf 85' lang='lat' dir='ltr'>proferre,</span> <span class='ocrx_word' id='word_1_78' title='bbox 710 1821 777 1862; x_wconf 90' lang='lat' dir='ltr'>non</span> <span class='ocrx_word' id='word_1_79' title='bbox 798 1798 938 1864; x_wconf 89' lang='lat' dir='ltr'>multum</span> <span class='ocrx_word' id='word_1_80' title='bbox 959 1798 1066 1881; x_wconf 78' lang='lat' dir='ltr'>ualet3</span> <span class='ocrx_word' id='word_1_81' title='bbox 1098 1798 1323 1879; x_wconf 77' lang='lat' dir='ltr'>Quintilianus</span> <span class='ocrx_word' id='word_1_82' title='bbox 1347 1812 1455 1866; x_wconf 90' lang='lat' dir='ltr'>autem</span> 
     </span>
     <span class='ocr_line' id='line_1_12' title="bbox 333 1900 1454 1987; baseline 0.004 -24"><span class='ocrx_word' id='word_1_83' title='bbox 333 1900 381 1985; x_wconf 90' lang='lat' dir='ltr'>(u.</span> <span class='ocrx_word' id='word_1_84' title='bbox 397 1921 430 1984; x_wconf 87' lang='lat' dir='ltr'>p.</span> <span class='ocrx_word' id='word_1_85' title='bbox 448 1902 502 1981; x_wconf 82' lang='lat'>16)</span> <span class='ocrx_word' id='word_1_86' title='bbox 525 1910 654 1965; x_wconf 86' lang='lat' dir='ltr'>saturas</span> <span class='ocrx_word' id='word_1_87' title='bbox 676 1901 736 1965; x_wconf 85' lang='lat' dir='ltr'>uix</span> <span class='ocrx_word' id='word_1_88' title='bbox 757 1900 913 1986; x_wconf 82' lang='lat' dir='ltr'>inspexit,</span> <span class='ocrx_word' id='word_1_89' title='bbox 937 1910 1024 1965; x_wconf 89' lang='lat' dir='ltr'>certe</span> <span class='ocrx_word' id='word_1_90' title='bbox 1039 1923 1106 1965; x_wconf 92' lang='lat' dir='ltr'>non</span> <span class='ocrx_word' id='word_1_91' title='bbox 1121 1911 1274 1968; x_wconf 89' lang='lat' dir='ltr'>accurate</span> <span class='ocrx_word' id='word_1_92' title='bbox 1289 1904 1454 1987; x_wconf 85' lang='lat' dir='ltr'>cognouit.</span> 
     </span>
     <span class='ocr_line' id='line_1_13' title="bbox 332 2000 1452 2092; baseline 0.006 -29"><span class='ocrx_word' id='word_1_93' title='bbox 332 2000 415 2064; x_wconf 82' lang='lat' dir='ltr'>Eius</span> <span class='ocrx_word' id='word_1_94' title='bbox 432 2010 543 2065; x_wconf 90' lang='lat' dir='ltr'>autem</span> <span class='ocrx_word' id='word_1_95' title='bbox 558 2010 704 2088; x_wconf 88' lang='lat' dir='ltr'>tempore</span> <span class='ocrx_word' id='word_1_96' title='bbox 720 2024 807 2067; x_wconf 91' lang='lat' dir='ltr'>noua</span> <span class='ocrx_word' id='word_1_97' title='bbox 822 2001 1006 2067; x_wconf 90' lang='lat' dir='ltr'>litterarum</span> <span class='ocrx_word' id='word_1_98' title='bbox 1021 2002 1196 2068; x_wconf 89' lang='lat' dir='ltr'>latinarum</span> <span class='ocrx_word' id='word_1_99' title='bbox 1210 2015 1300 2070; x_wconf 88' lang='lat' dir='ltr'>aetas</span> <span class='ocrx_word' id='word_1_100' title='bbox 1316 2006 1452 2092; x_wconf 82' lang='lat' dir='ltr'>incepit:</span> 
     </span>
     <span class='ocr_line' id='line_1_14' title="bbox 282 2104 1457 2184; baseline 0.004 -18"><span class='ocrx_word' id='word_1_101' title='bbox 282 2152 286 2157; x_wconf 85' lang='lat'><em>.</em></span> <span class='ocrx_word' id='word_1_102' title='bbox 331 2104 401 2167; x_wconf 91' lang='lat' dir='ltr'>iam</span> <span class='ocrx_word' id='word_1_103' title='bbox 423 2112 517 2167; x_wconf 89' lang='lat' dir='ltr'>erant</span> <span class='ocrx_word' id='word_1_104' title='bbox 538 2109 658 2183; x_wconf 65' lang='lat' dir='ltr'>‘quibus</span> <span class='ocrx_word' id='word_1_105' title='bbox 678 2111 849 2184; x_wconf 82' lang='lat' dir='ltr'>eloquentia</span> <span class='ocrx_word' id='word_1_106' title='bbox 870 2110 986 2181; x_wconf 67' lang='lat' dir='ltr'>Aufidii</span> <span class='ocrx_word' id='word_1_107' title='bbox 1000 2110 1093 2169; x_wconf 86' lang='lat' dir='ltr'>Bassi</span> <span class='ocrx_word' id='word_1_108' title='bbox 1112 2118 1166 2171; x_wconf 76' lang='lat' dir='ltr'>aar</span> <span class='ocrx_word' id='word_1_109' title='bbox 1180 2110 1307 2173; x_wconf 84' lang='lat' dir='ltr'>Seruilii</span> <span class='ocrx_word' id='word_1_110' title='bbox 1319 2112 1457 2172; x_wconf 80' lang='lat' dir='ltr'>Noniani</span> 
     </span>
     <span class='ocr_line' id='line_1_15' title="bbox 332 2205 1454 2295; baseline 0.001 -24"><span class='ocrx_word' id='word_1_111' title='bbox 332 2228 374 2271; x_wconf 81' lang='lat' dir='ltr'>ea</span> <span class='ocrx_word' id='word_1_112' title='bbox 400 2213 631 2286; x_wconf 84' lang='lat' dir='ltr'>comparatione</span> <span class='ocrx_word' id='word_1_113' title='bbox 656 2210 802 2272; x_wconf 77' lang='lat' dir='ltr'>Sisennae</span> <span class='ocrx_word' id='word_1_114' title='bbox 830 2218 884 2271; x_wconf 86' lang='lat' dir='ltr'>aat</span> <span class='ocrx_word' id='word_1_115' title='bbox 918 2214 1069 2272; x_wconf 81' lang='lat' dir='ltr'>Varronis</span> <span class='ocrx_word' id='word_1_116' title='bbox 1102 2205 1216 2273; x_wconf 83' lang='lat' dir='ltr'>sordet&#39;</span> <span class='ocrx_word' id='word_1_117' title='bbox 1251 2210 1347 2295; x_wconf 86' lang='lat' dir='ltr'>(Tac.</span> <span class='ocrx_word' id='word_1_118' title='bbox 1377 2208 1454 2273; x_wconf 88' lang='lat' dir='ltr'>dial.</span> 
     </span>
     <span class='ocr_line' id='line_1_16' title="bbox 333 2307 1455 2397; baseline 0.004 -27"><span class='ocrx_word' id='word_1_119' title='bbox 333 2329 361 2372; x_wconf 89' lang='lat' dir='ltr'>c.</span> <span class='ocrx_word' id='word_1_120' title='bbox 394 2307 467 2392; x_wconf 81' lang='lat'>23),</span> <span class='ocrx_word' id='word_1_121' title='bbox 500 2309 566 2371; x_wconf 91' lang='lat' dir='ltr'>iam</span> <span class='ocrx_word' id='word_1_122' title='bbox 599 2308 645 2371; x_wconf 88' lang='lat' dir='ltr'>M.</span> <span class='ocrx_word' id='word_1_123' title='bbox 673 2307 826 2372; x_wconf 88' lang='lat' dir='ltr'>Valerius</span> <span class='ocrx_word' id='word_1_124' title='bbox 860 2309 990 2376; x_wconf 90' lang='lat' dir='ltr'>Probus</span> <span class='ocrx_word' id='word_1_125' title='bbox 1023 2318 1228 2374; x_wconf 89' lang='lat' dir='ltr'>uetustorum</span> <span class='ocrx_word' id='word_1_126' title='bbox 1260 2312 1455 2397; x_wconf 90' lang='lat' dir='ltr'>scriptorum</span> 
     </span>
     <span class='ocr_line' id='line_1_17' title="bbox 333 2410 1455 2491; baseline 0.001 -17"><span class='ocrx_word' id='word_1_127' title='bbox 333 2432 479 2475; x_wconf 91' lang='lat' dir='ltr'>amorem</span> <span class='ocrx_word' id='word_1_128' title='bbox 494 2410 670 2491; x_wconf 84' lang='lat' dir='ltr'>excitabat,</span> <span class='ocrx_word' id='word_1_129' title='bbox 693 2418 730 2473; x_wconf 93' lang='lat' dir='ltr'>ut</span> <span class='ocrx_word' id='word_1_130' title='bbox 752 2415 919 2474; x_wconf 75' lang='lat' dir='ltr'>‘contemni</span> <span class='ocrx_word' id='word_1_131' title='bbox 935 2417 1091 2491; x_wconf 66' lang='lat' dir='ltr'>marisque</span> <span class='ocrx_word' id='word_1_132' title='bbox 1106 2416 1267 2490; x_wconf 81' lang='lat' dir='ltr'>obprobrio</span> <span class='ocrx_word' id='word_1_133' title='bbox 1289 2418 1455 2491; x_wconf 70' lang='lat' dir='ltr'>tepentibus</span> 
     </span>
     <span class='ocr_line' id='line_1_18' title="bbox 332 2512 1454 2600; baseline -0.001 -23"><span class='ocrx_word' id='word_1_134' title='bbox 332 2534 425 2592; x_wconf 83' lang='lat' dir='ltr'>qaam</span> <span class='ocrx_word' id='word_1_135' title='bbox 450 2518 572 2591; x_wconf 68' lang='lat' dir='ltr'>alariae</span> <span class='ocrx_word' id='word_1_136' title='bbox 600 2524 629 2576; x_wconf 84' lang='lat' dir='ltr'>et</span> <span class='ocrx_word' id='word_1_137' title='bbox 652 2515 775 2589; x_wconf 79' lang='lat' dir='ltr'>sraelai</span> <span class='ocrx_word' id='word_1_138' title='bbox 799 2520 874 2576; x_wconf 83' lang='lat' dir='ltr'>esse&#39;</span> <span class='ocrx_word' id='word_1_139' title='bbox 910 2512 1014 2597; x_wconf 77' lang='lat' dir='ltr'>(Suet.</span> <span class='ocrx_word' id='word_1_140' title='bbox 1039 2512 1080 2576; x_wconf 90' lang='lat' dir='ltr'>de</span> <span class='ocrx_word' id='word_1_141' title='bbox 1102 2535 1240 2597; x_wconf 86' lang='lat' dir='ltr'>gramm.</span> <span class='ocrx_word' id='word_1_142' title='bbox 1264 2536 1291 2579; x_wconf 89' lang='lat' dir='ltr'>c.</span> <span class='ocrx_word' id='word_1_143' title='bbox 1315 2515 1370 2600; x_wconf 83' lang='lat'>24)</span> <span class='ocrx_word' id='word_1_144' title='bbox 1401 2514 1454 2577; x_wconf 91' lang='lat' dir='ltr'>de-</span> 
     </span>
     <span class='ocr_line' id='line_1_19' title="bbox 333 2613 1455 2701; baseline 0.002 -24"><span class='ocrx_word' id='word_1_145' title='bbox 333 2614 494 2679; x_wconf 86' lang='lat' dir='ltr'>sinerent:</span> <span class='ocrx_word' id='word_1_146' title='bbox 529 2613 700 2679; x_wconf 89' lang='lat' dir='ltr'>Hadriano</span> <span class='ocrx_word' id='word_1_147' title='bbox 733 2613 874 2698; x_wconf 88' lang='lat' dir='ltr'>denique</span> <span class='ocrx_word' id='word_1_148' title='bbox 903 2614 1101 2699; x_wconf 86' lang='lat' dir='ltr'>imperante,</span> <span class='ocrx_word' id='word_1_149' title='bbox 1136 2616 1191 2701; x_wconf 92' lang='lat' dir='ltr'>qui</span> <span class='ocrx_word' id='word_1_150' title='bbox 1222 2615 1319 2680; x_wconf 87' lang='lat' dir='ltr'>foede</span> <span class='ocrx_word' id='word_1_151' title='bbox 1348 2614 1455 2679; x_wconf 90' lang='lat' dir='ltr'>adhuc</span> 
     </span>
     <span class='ocr_line' id='line_1_20' title="bbox 331 2715 1453 2802; baseline 0.004 -23"><span class='ocrx_word' id='word_1_152' title='bbox 331 2715 475 2800; x_wconf 76' lang='lat' dir='ltr'>neglecti</span> <span class='ocrx_word' id='word_1_153' title='bbox 506 2727 615 2797; x_wconf 86' lang='lat' dir='ltr'>erant,</span> <span class='ocrx_word' id='word_1_154' title='bbox 643 2715 791 2802; x_wconf 73' lang='lat' dir='ltr'>‘primum</span> <span class='ocrx_word' id='word_1_155' title='bbox 819 2716 854 2779; x_wconf 91' lang='lat' dir='ltr'>in</span> <span class='ocrx_word' id='word_1_156' title='bbox 875 2715 1099 2782; x_wconf 90' lang='lat' dir='ltr'>Romanorum</span> <span class='ocrx_word' id='word_1_157' title='bbox 1120 2717 1246 2799; x_wconf 20' lang='lat' dir='ltr'>,studiis</span> <span class='ocrx_word' id='word_1_158' title='bbox 1269 2716 1375 2782; x_wconf 92' lang='lat' dir='ltr'>locum</span> <span class='ocrx_word' id='word_1_159' title='bbox 1398 2717 1453 2783; x_wconf 88' lang='lat' dir='ltr'>ob·</span> 
     </span>
     <span class='ocr_line' id='line_1_21' title="bbox 332 2817 1455 2905; baseline -0.001 -23"><span class='ocrx_word' id='word_1_160' title='bbox 332 2818 470 2883; x_wconf 89' lang='lat' dir='ltr'>tinuere.</span> <span class='ocrx_word' id='word_1_161' title='bbox 527 2818 620 2882; x_wconf 90' lang='lat' dir='ltr'>Tunc</span> <span class='ocrx_word' id='word_1_162' title='bbox 646 2817 841 2903; x_wconf 88' lang='lat' dir='ltr'>Menippcae</span> <span class='ocrx_word' id='word_1_163' title='bbox 875 2841 1004 2905; x_wconf 92' lang='lat' dir='ltr'>quoque</span> <span class='ocrx_word' id='word_1_164' title='bbox 1037 2841 1102 2882; x_wconf 92' lang='lat' dir='ltr'>non</span> <span class='ocrx_word' id='word_1_165' title='bbox 1135 2817 1248 2883; x_wconf 91' lang='lat' dir='ltr'>sedule</span> <span class='ocrx_word' id='word_1_166' title='bbox 1280 2828 1407 2883; x_wconf 89' lang='lat' dir='ltr'>tantum</span> <span class='ocrx_word' id='word_1_167' title='bbox 1435 2840 1455 2881; x_wconf 90' lang='lat' dir='ltr'>a</span> 
     </span>
     <span class='ocr_line' id='line_1_22' title="bbox 332 2919 1452 3004; baseline 0 -21"><span class='ocrx_word' id='word_1_168' title='bbox 332 2920 554 3004; x_wconf 88' lang='lat' dir='ltr'>grammaticis</span> <span class='ocrx_word' id='word_1_169' title='bbox 578 2919 822 3001; x_wconf 86' lang='lat' dir='ltr'>lectitabantur,</span> <span class='ocrx_word' id='word_1_170' title='bbox 848 2920 964 2984; x_wconf 89' lang='lat' dir='ltr'>sedin</span> <span class='ocrx_word' id='word_1_171' title='bbox 987 2922 1132 2984; x_wconf 92' lang='lat' dir='ltr'>omnium</span> <span class='ocrx_word' id='word_1_172' title='bbox 1147 2942 1202 2984; x_wconf 91' lang='lat' dir='ltr'>ore</span> <span class='ocrx_word' id='word_1_173' title='bbox 1217 2921 1452 3002; x_wconf 79' lang='lat' dir='ltr'>uersabantur3</span> 
     </span>
     <span class='ocr_line' id='line_1_23' title="bbox 333 3019 1454 3103; baseline -0.001 -17"><span class='ocrx_word' id='word_1_174' title='bbox 333 3023 378 3086; x_wconf 90' lang='lat' dir='ltr'>cf.</span> <span class='ocrx_word' id='word_1_175' title='bbox 402 3021 527 3088; x_wconf 79' lang='lat' dir='ltr'>Gellius</span> <span class='ocrx_word' id='word_1_176' title='bbox 556 3021 646 3086; x_wconf 89' lang='lat' dir='ltr'>XIII</span> <span class='ocrx_word' id='word_1_177' title='bbox 669 3019 720 3090; x_wconf 83' lang='lat'>31.</span> <span class='ocrx_word' id='word_1_178' title='bbox 776 3022 871 3101; x_wconf 73' lang='lat' dir='ltr'>Qtrae</span> <span class='ocrx_word' id='word_1_179' title='bbox 904 3045 972 3103; x_wconf 92' lang='lat' dir='ltr'>res,</span> <span class='ocrx_word' id='word_1_180' title='bbox 1007 3044 1080 3085; x_wconf 90' lang='lat' dir='ltr'>cum</span> <span class='ocrx_word' id='word_1_181' title='bbox 1108 3024 1308 3087; x_wconf 83' lang='lat' dir='ltr'>Frontonem</span> <span class='ocrx_word' id='word_1_182' title='bbox 1343 3043 1454 3085; x_wconf 86' lang='lat' dir='ltr'>earum</span> 
     </span>
     <span class='ocr_line' id='line_1_24' title="bbox 331 3123 1453 3205; baseline -0.001 -17"><span class='ocrx_word' id='word_1_183' title='bbox 331 3123 458 3188; x_wconf 90' lang='lat' dir='ltr'>nullam</span> <span class='ocrx_word' id='word_1_184' title='bbox 488 3123 598 3188; x_wconf 87' lang='lat' dir='ltr'>facere</span> <span class='ocrx_word' id='word_1_185' title='bbox 620 3124 836 3205; x_wconf 85' lang='lat' dir='ltr'>mentionem,</span> <span class='ocrx_word' id='word_1_186' title='bbox 864 3124 930 3186; x_wconf 89' lang='lat' dir='ltr'>nisi</span> <span class='ocrx_word' id='word_1_187' title='bbox 951 3124 1009 3188; x_wconf 90' lang='lat' dir='ltr'>ubi</span> <span class='ocrx_word' id='word_1_188' title='bbox 1032 3146 1053 3188; x_wconf 91' lang='lat' dir='ltr'>a</span> <span class='ocrx_word' id='word_1_189' title='bbox 1075 3123 1183 3188; x_wconf 83' lang='lat' dir='ltr'>Gellio</span> <span class='ocrx_word' id='word_1_190' title='bbox 1205 3123 1295 3188; x_wconf 86' lang='lat' dir='ltr'>XIII</span> <span class='ocrx_word' id='word_1_191' title='bbox 1317 3132 1358 3194; x_wconf 84' lang='lat'>29</span> <span class='ocrx_word' id='word_1_192' title='bbox 1389 3147 1453 3189; x_wconf 91' lang='lat' dir='ltr'>ser-</span> 
     </span>
     <span class='ocr_line' id='line_1_25' title="bbox 330 3224 1454 3312; baseline -0.002 -21"><span class='ocrx_word' id='word_1_193' title='bbox 330 3226 501 3292; x_wconf 88' lang='lat' dir='ltr'>mocinans</span> <span class='ocrx_word' id='word_1_194' title='bbox 524 3226 706 3303; x_wconf 87' lang='lat' dir='ltr'>inducitur,</span> <span class='ocrx_word' id='word_1_195' title='bbox 732 3227 811 3289; x_wconf 84' lang='lat' dir='ltr'>satis</span> <span class='ocrx_word' id='word_1_196' title='bbox 834 3226 952 3290; x_wconf 92' lang='lat' dir='ltr'>mirum</span> <span class='ocrx_word' id='word_1_197' title='bbox 975 3226 1027 3308; x_wconf 92' lang='lat' dir='ltr'>sit,</span> <span class='ocrx_word' id='word_1_198' title='bbox 1052 3224 1152 3290; x_wconf 81' lang='lat' dir='ltr'>Gellii</span> <span class='ocrx_word' id='word_1_199' title='bbox 1168 3225 1317 3312; x_wconf 84' lang='lat' dir='ltr'>exemplo</span> <span class='ocrx_word' id='word_1_200' title='bbox 1334 3224 1454 3312; x_wconf 91' lang='lat' dir='ltr'>optime</span> 
     </span>
    </p>
   </div>
   <div class='ocr_carea' id='block_1_3' title="bbox 331 3481 1454 3982">
    <p class='ocr_par' dir='ltr' id='par_1_3' title="bbox 332 3481 1453 3719">
     <span class='ocr_line' id='line_1_26' title="bbox 420 3481 1453 3551; baseline -0.002 -15"><span class='ocrx_word' id='word_1_201' title='bbox 420 3486 445 3551; x_wconf 86' lang='lat'>1)</span> <span class='ocrx_word' id='word_1_202' title='bbox 463 3486 510 3537; x_wconf 89' lang='lat' dir='ltr'>Nil</span> <span class='ocrx_word' id='word_1_203' title='bbox 528 3501 596 3536; x_wconf 88' lang='lat' dir='ltr'>sane</span> <span class='ocrx_word' id='word_1_204' title='bbox 614 3484 660 3535; x_wconf 91' lang='lat' dir='ltr'>hic</span> <span class='ocrx_word' id='word_1_205' title='bbox 678 3485 779 3547; x_wconf 83' lang='lat' dir='ltr'>refert,</span> <span class='ocrx_word' id='word_1_206' title='bbox 806 3484 878 3548; x_wconf 90' lang='lat' dir='ltr'>quod</span> <span class='ocrx_word' id='word_1_207' title='bbox 896 3481 1081 3534; x_wconf 86' lang='lat' dir='ltr'>Terentianus</span> <span class='ocrx_word' id='word_1_208' title='bbox 1099 3485 1212 3533; x_wconf 89' lang='lat' dir='ltr'>Maurus</span> <span class='ocrx_word' id='word_1_209' title='bbox 1235 3485 1352 3534; x_wconf 89' lang='lat' dir='ltr'>metrica</span> <span class='ocrx_word' id='word_1_210' title='bbox 1370 3500 1453 3549; x_wconf 88' lang='lat' dir='ltr'>quae-</span> 
     </span>
     <span class='ocr_line' id='line_1_27' title="bbox 333 3566 1452 3634; baseline -0.003 -12"><span class='ocrx_word' id='word_1_211' title='bbox 333 3574 396 3622; x_wconf 90' lang='lat' dir='ltr'>dam</span> <span class='ocrx_word' id='word_1_212' title='bbox 417 3588 431 3622; x_wconf 88' lang='lat' dir='ltr'>e</span> <span class='ocrx_word' id='word_1_213' title='bbox 450 3572 538 3621; x_wconf 89' lang='lat' dir='ltr'>satira</span> <span class='ocrx_word' id='word_1_214' title='bbox 556 3570 629 3620; x_wconf 89' lang='lat' dir='ltr'>hanc</span> <span class='ocrx_word' id='word_1_215' title='bbox 649 3575 736 3620; x_wconf 87' lang='lat' dir='ltr'>artem</span> <span class='ocrx_word' id='word_1_216' title='bbox 755 3573 895 3619; x_wconf 85' lang='lat' dir='ltr'>tractante</span> <span class='ocrx_word' id='word_1_217' title='bbox 916 3570 1066 3633; x_wconf 83' lang='lat' dir='ltr'>excerpsit;</span> <span class='ocrx_word' id='word_1_218' title='bbox 1087 3585 1167 3634; x_wconf 89' lang='lat' dir='ltr'>quarn</span> <span class='ocrx_word' id='word_1_219' title='bbox 1187 3569 1272 3618; x_wconf 85' lang='lat' dir='ltr'>fuisse</span> <span class='ocrx_word' id='word_1_220' title='bbox 1290 3566 1452 3620; x_wconf 82' lang='lat' dir='ltr'>Korodada-</span> 
     </span>
     <span class='ocr_line' id='line_1_28' title="bbox 332 3643 1363 3719; baseline -0.002 -11"><span class='ocrx_word' id='word_1_221' title='bbox 332 3652 469 3708; x_wconf 81' lang='lat' dir='ltr'>onataao&#39;v</span> <span class='ocrx_word' id='word_1_222' title='bbox 496 3671 529 3705; x_wconf 82' lang='lat' dir='ltr'>ex</span> <span class='ocrx_word' id='word_1_223' title='bbox 554 3643 638 3706; x_wconf 87' lang='lat' dir='ltr'>Atilio</span> <span class='ocrx_word' id='word_1_224' title='bbox 656 3656 859 3704; x_wconf 83' lang='lat' dir='ltr'>Fortunatiano</span> <span class='ocrx_word' id='word_1_225' title='bbox 887 3655 1080 3719; x_wconf 86' lang='lat' dir='ltr'>comperimus,</span> <span class='ocrx_word' id='word_1_226' title='bbox 1108 3655 1154 3719; x_wconf 90' lang='lat' dir='ltr'>qui</span> <span class='ocrx_word' id='word_1_227' title='bbox 1172 3653 1268 3704; x_wconf 90' lang='lat' dir='ltr'>eadem</span> <span class='ocrx_word' id='word_1_228' title='bbox 1286 3653 1363 3707; x_wconf 89' lang='lat' dir='ltr'>dicit.</span> 
     </span>
    </p>

    <p class='ocr_par' dir='ltr' id='par_1_4' title="bbox 331 3739 1454 3982">
     <span class='ocr_line' id='line_1_29' title="bbox 420 3739 1453 3807; baseline -0.003 -16"><span class='ocrx_word' id='word_1_229' title='bbox 420 3739 449 3806; x_wconf 76' lang='grc'>2)</span> <span class='ocrx_word' id='word_1_230' title='bbox 470 3741 517 3791; x_wconf 85' lang='lat' dir='ltr'>Sic</span> <span class='ocrx_word' id='word_1_231' title='bbox 535 3740 681 3790; x_wconf 82' lang='lat' dir='ltr'>Petronius</span> <span class='ocrx_word' id='word_1_232' title='bbox 706 3755 814 3807; x_wconf 90' lang='lat' dir='ltr'>quoque</span> <span class='ocrx_word' id='word_1_233' title='bbox 836 3741 864 3788; x_wconf 91' lang='lat' dir='ltr'>in</span> <span class='ocrx_word' id='word_1_234' title='bbox 888 3739 952 3789; x_wconf 84' lang='lat' dir='ltr'>fusa</span> <span class='ocrx_word' id='word_1_235' title='bbox 969 3739 1129 3789; x_wconf 86' lang='lat' dir='ltr'>narratione</span> <span class='ocrx_word' id='word_1_236' title='bbox 1153 3754 1203 3788; x_wconf 86' lang='lat' dir='ltr'>sua</span> <span class='ocrx_word' id='word_1_237' title='bbox 1222 3739 1266 3788; x_wconf 89' lang='lat' dir='ltr'>cui</span> <span class='ocrx_word' id='word_1_238' title='bbox 1283 3739 1379 3788; x_wconf 90' lang='lat' dir='ltr'>itidem</span> <span class='ocrx_word' id='word_1_239' title='bbox 1398 3744 1453 3789; x_wconf 80' lang='lat' dir='ltr'>‘sa-</span> 
     </span>
     <span class='ocr_line' id='line_1_30' title="bbox 331 3823 1454 3892; baseline -0.005 -14"><span class='ocrx_word' id='word_1_240' title='bbox 331 3830 458 3878; x_wconf 87' lang='lat' dir='ltr'>tirarum’</span> <span class='ocrx_word' id='word_1_241' title='bbox 486 3841 586 3877; x_wconf 90' lang='lat' dir='ltr'>nomen</span> <span class='ocrx_word' id='word_1_242' title='bbox 613 3825 730 3874; x_wconf 91' lang='lat' dir='ltr'>inditum</span> <span class='ocrx_word' id='word_1_243' title='bbox 760 3829 815 3888; x_wconf 87' lang='lat' dir='ltr'>est,</span> <span class='ocrx_word' id='word_1_244' title='bbox 844 3829 988 3892; x_wconf 91' lang='lat' dir='ltr'>utrumque</span> <span class='ocrx_word' id='word_1_245' title='bbox 1012 3840 1165 3874; x_wconf 87' lang='lat' dir='ltr'>sermonem</span> <span class='ocrx_word' id='word_1_246' title='bbox 1190 3824 1376 3886; x_wconf 76' lang='lat' dir='ltr'>&#39;commiscuit3</span> <span class='ocrx_word' id='word_1_247' title='bbox 1405 3823 1454 3873; x_wconf 89' lang='lat' dir='ltr'>scd</span> 
     </span>
     <span class='ocr_line' id='line_1_31' title="bbox 332 3907 1453 3982; baseline -0.006 -19"><span class='ocrx_word' id='word_1_248' title='bbox 332 3912 538 3963; x_wconf 87' lang='lat' dir='ltr'>Varronianam</span> <span class='ocrx_word' id='word_1_249' title='bbox 560 3911 746 3982; x_wconf 88' lang='lat' dir='ltr'>imitationem</span> <span class='ocrx_word' id='word_1_250' title='bbox 770 3910 799 3958; x_wconf 91' lang='lat' dir='ltr'>in</span> <span class='ocrx_word' id='word_1_251' title='bbox 822 3926 905 3975; x_wconf 90' lang='lat' dir='ltr'>opere</span> <span class='ocrx_word' id='word_1_252' title='bbox 931 3912 1093 3975; x_wconf 88' lang='lat' dir='ltr'>ceteroquin</span> <span class='ocrx_word' id='word_1_253' title='bbox 1114 3913 1259 3974; x_wconf 87' lang='lat' dir='ltr'>tantopere</span> <span class='ocrx_word' id='word_1_254' title='bbox 1284 3908 1319 3957; x_wconf 88' lang='lat' dir='ltr'>ab</span> <span class='ocrx_word' id='word_1_255' title='bbox 1338 3907 1395 3958; x_wconf 87' lang='lat' dir='ltr'>illis</span> <span class='ocrx_word' id='word_1_256' title='bbox 1414 3909 1453 3957; x_wconf 90' lang='lat' dir='ltr'>di-</span> 
     </span>
    </p>
   </div>
   <div class='ocr_carea' id='block_1_4' title="bbox 329 3994 1455 4659">
    <p class='ocr_par' dir='ltr' id='par_1_5' title="bbox 329 3994 1455 4659">
     <span class='ocr_line' id='line_1_32' title="bbox 331 3994 1454 4061; baseline -0.006 -14"><span class='ocrx_word' id='word_1_257' title='bbox 331 4012 413 4048; x_wconf 87' lang='lat' dir='ltr'>uerso</span> <span class='ocrx_word' id='word_1_258' title='bbox 428 3998 517 4047; x_wconf 88' lang='lat' dir='ltr'>minus</span> <span class='ocrx_word' id='word_1_259' title='bbox 531 3996 615 4047; x_wconf 88' lang='lat' dir='ltr'>etiam</span> <span class='ocrx_word' id='word_1_260' title='bbox 634 4012 715 4061; x_wconf 88' lang='lat' dir='ltr'>quam</span> <span class='ocrx_word' id='word_1_261' title='bbox 735 3996 808 4061; x_wconf 91' lang='lat' dir='ltr'>apud</span> <span class='ocrx_word' id='word_1_262' title='bbox 821 3994 957 4045; x_wconf 81' lang='lat' dir='ltr'>Senecam</span> <span class='ocrx_word' id='word_1_263' title='bbox 976 3995 1160 4060; x_wconf 86' lang='lat' dir='ltr'>agnoscimus.</span> <span class='ocrx_word' id='word_1_264' title='bbox 1193 3994 1293 4043; x_wconf 88' lang='lat' dir='ltr'>Versus</span> <span class='ocrx_word' id='word_1_265' title='bbox 1306 3997 1454 4057; x_wconf 86' lang='lat' dir='ltr'>praeterea</span> 
     </span>
     <span class='ocr_line' id='line_1_33' title="bbox 330 4077 1452 4145; baseline -0.007 -13"><span class='ocrx_word' id='word_1_266' title='bbox 330 4084 521 4144; x_wconf 90' lang='lat' dir='ltr'>inseruerunt,</span> <span class='ocrx_word' id='word_1_267' title='bbox 546 4086 576 4131; x_wconf 92' lang='lat' dir='ltr'>ut</span> <span class='ocrx_word' id='word_1_268' title='bbox 598 4080 719 4131; x_wconf 90' lang='lat' dir='ltr'>breuiter</span> <span class='ocrx_word' id='word_1_269' title='bbox 741 4081 793 4130; x_wconf 92' lang='lat' dir='ltr'>hoc</span> <span class='ocrx_word' id='word_1_270' title='bbox 817 4081 952 4143; x_wconf 88' lang='lat' dir='ltr'>indicem,</span> <span class='ocrx_word' id='word_1_271' title='bbox 976 4079 1123 4145; x_wconf 78' lang='lat' dir='ltr'>Apuleius,</span> <span class='ocrx_word' id='word_1_272' title='bbox 1147 4078 1303 4127; x_wconf 87' lang='lat' dir='ltr'>Martianus</span> <span class='ocrx_word' id='word_1_273' title='bbox 1326 4077 1452 4141; x_wconf 82' lang='lat' dir='ltr'>Capella,</span> 
     </span>
     <span class='ocr_line' id='line_1_34' title="bbox 331 4161 1453 4231; baseline -0.006 -13"><span class='ocrx_word' id='word_1_274' title='bbox 331 4168 478 4228; x_wconf 85' lang='lat' dir='ltr'>Boethius,</span> <span class='ocrx_word' id='word_1_275' title='bbox 497 4165 623 4231; x_wconf 88' lang='lat' dir='ltr'>Aquilius</span> <span class='ocrx_word' id='word_1_276' title='bbox 642 4166 760 4215; x_wconf 85' lang='lat' dir='ltr'>Seuerus</span> <span class='ocrx_word' id='word_1_277' title='bbox 781 4164 828 4229; x_wconf 88' lang='lat' dir='ltr'>(cf.</span> <span class='ocrx_word' id='word_1_278' title='bbox 848 4166 1033 4229; x_wconf 82' lang='lat' dir='ltr'>Hieronymus</span> <span class='ocrx_word' id='word_1_279' title='bbox 1052 4164 1086 4214; x_wconf 88' lang='lat' dir='ltr'>de</span> <span class='ocrx_word' id='word_1_280' title='bbox 1105 4164 1173 4213; x_wconf 88' lang='lat' dir='ltr'>uiris</span> <span class='ocrx_word' id='word_1_281' title='bbox 1191 4161 1231 4214; x_wconf 89' lang='lat' dir='ltr'>ill.</span> <span class='ocrx_word' id='word_1_282' title='bbox 1252 4176 1274 4212; x_wconf 90' lang='lat' dir='ltr'>c.</span> <span class='ocrx_word' id='word_1_283' title='bbox 1294 4162 1341 4210; x_wconf 89' lang='lat'>111</span> <span class='ocrx_word' id='word_1_284' title='bbox 1361 4162 1453 4226; x_wconf 76' lang='lat' dir='ltr'>‘Aqui-</span> 
     </span>
     <span class='ocr_line' id='line_1_35' title="bbox 332 4238 1455 4315; baseline -0.005 -13"><span class='ocrx_word' id='word_1_285' title='bbox 332 4255 381 4302; x_wconf 83' lang='lat' dir='ltr'>liae</span> <span class='ocrx_word' id='word_1_286' title='bbox 399 4251 511 4302; x_wconf 79' lang='lat' dir='ltr'>Senarus</span> <span class='ocrx_word' id='word_1_287' title='bbox 528 4254 556 4301; x_wconf 85' lang='lat' dir='ltr'>in</span> <span class='ocrx_word' id='word_1_288' title='bbox 574 4252 708 4315; x_wconf 75' lang='lat' dir='ltr'>Hispania</span> <span class='ocrx_word' id='word_1_289' title='bbox 729 4277 763 4285; x_wconf 88' lang='lat'><em>-</em></span> <span class='ocrx_word' id='word_1_290' title='bbox 787 4252 928 4314; x_wconf 81' lang='lat' dir='ltr'>composuit</span> <span class='ocrx_word' id='word_1_291' title='bbox 945 4252 1059 4300; x_wconf 85' lang='lat' dir='ltr'>uolumen</span> <span class='ocrx_word' id='word_1_292' title='bbox 1078 4250 1153 4314; x_wconf 82' lang='lat' dir='ltr'>qnasi</span> <span class='ocrx_word' id='word_1_293' title='bbox 1169 4238 1359 4309; x_wconf 81' lang='grc' dir='ltr'><strong><em>ὁδοιπορικόν</em></strong></span> <span class='ocrx_word' id='word_1_294' title='bbox 1378 4249 1455 4297; x_wconf 76' lang='lat' dir='ltr'>lotias</span> 
     </span>
     <span class='ocr_line' id='line_1_36' title="bbox 329 4325 1454 4399; baseline -0.006 -12"><span class='ocrx_word' id='word_1_295' title='bbox 329 4354 392 4387; x_wconf 80' lang='lat' dir='ltr'>sane</span> <span class='ocrx_word' id='word_1_296' title='bbox 416 4339 484 4387; x_wconf 81' lang='lat' dir='ltr'>uitae</span> <span class='ocrx_word' id='word_1_297' title='bbox 507 4344 600 4387; x_wconf 83' lang='lat' dir='ltr'>siainm</span> <span class='ocrx_word' id='word_1_298' title='bbox 622 4338 754 4387; x_wconf 81' lang='lat' dir='ltr'>continens</span> <span class='ocrx_word' id='word_1_299' title='bbox 776 4341 836 4384; x_wconf 83' lang='lat' dir='ltr'>tarn</span> <span class='ocrx_word' id='word_1_300' title='bbox 860 4351 962 4399; x_wconf 83' lang='lat' dir='ltr'>prosa</span> <span class='ocrx_word' id='word_1_301' title='bbox 989 4352 1077 4399; x_wconf 72' lang='lat' dir='ltr'>annm</span> <span class='ocrx_word' id='word_1_302' title='bbox 1099 4332 1246 4383; x_wconf 80' lang='lat' dir='ltr'>uersibus</span> <span class='ocrx_word' id='word_1_303' title='bbox 1274 4328 1373 4394; x_wconf 78' lang='grc' dir='ltr'><strong>(τοῦτο</strong></span> <span class='ocrx_word' id='word_1_304' title='bbox 1400 4325 1454 4396; x_wconf 68' lang='grc' dir='ltr'>μὲν</span> 
     </span>
     <span class='ocr_line' id='line_1_37' title="bbox 330 4411 1453 4487; baseline -0.007 -13"><span class='ocrx_word' id='word_1_305' title='bbox 330 4414 544 4487; x_wconf 77' lang='grc' dir='ltr'><em>καταλογάδην,</em></span> <span class='ocrx_word' id='word_1_306' title='bbox 563 4417 647 4472; x_wconf 77' lang='grc' dir='ltr'><strong>τοῦτο</strong></span> <span class='ocrx_word' id='word_1_307' title='bbox 666 4415 699 4472; x_wconf 75' lang='grc' dir='ltr'>δὲ</span> <span class='ocrx_word' id='word_1_308' title='bbox 717 4417 767 4471; x_wconf 80' lang='lat' dir='ltr'>nal</span> <span class='ocrx_word' id='word_1_309' title='bbox 784 4414 876 4487; x_wconf 78' lang='grc' dir='ltr'><strong><em>μέτρῳ</em></strong></span> <span class='ocrx_word' id='word_1_310' title='bbox 896 4411 1009 4484; x_wconf 82' lang='grc' dir='ltr'><strong><em>ἡρωϊκῷ</em></strong></span> <span class='ocrx_word' id='word_1_311' title='bbox 1029 4418 1178 4484; x_wconf 88' lang='lat' dir='ltr'>Sophronii</span> <span class='ocrx_word' id='word_1_312' title='bbox 1196 4415 1310 4480; x_wconf 89' lang='lat' dir='ltr'>uersio),</span> <span class='ocrx_word' id='word_1_313' title='bbox 1323 4419 1392 4482; x_wconf 84' lang='lat' dir='ltr'>quod</span> <span class='ocrx_word' id='word_1_314' title='bbox 1408 4433 1453 4467; x_wconf 87' lang='lat' dir='ltr'>ao·</span> 
     </span>
     <span class='ocr_line' id='line_1_38' title="bbox 331 4498 1453 4572; baseline -0.007 -15"><span class='ocrx_word' id='word_1_315' title='bbox 331 4509 400 4558; x_wconf 74' lang='lat' dir='ltr'>sarrit</span> <span class='ocrx_word' id='word_1_316' title='bbox 417 4498 622 4572; x_wconf 74' lang='grc' dir='ltr'><strong><em>καταστροφήν</em></strong></span> <span class='ocrx_word' id='word_1_317' title='bbox 639 4508 694 4557; x_wconf 81' lang='lat' dir='ltr'>siae</span> <span class='ocrx_word' id='word_1_318' title='bbox 712 4510 830 4570; x_wconf 76' lang='grc' dir='ltr'><em>πεῖραν,</em></span> <span class='ocrx_word' id='word_1_319' title='bbox 855 4513 880 4555; x_wconf 85' lang='lat' dir='ltr'>ci</span> <span class='ocrx_word' id='word_1_320' title='bbox 897 4506 942 4555; x_wconf 83' lang='lat' dir='ltr'>sab</span> <span class='ocrx_word' id='word_1_321' title='bbox 965 4506 1144 4554; x_wconf 83' lang='lat' dir='ltr'>Valentiniano</span> <span class='ocrx_word' id='word_1_322' title='bbox 1163 4502 1243 4552; x_wconf 76' lang='lat' dir='ltr'>abiit’</span> <span class='ocrx_word' id='word_1_323' title='bbox 1280 4502 1453 4565; x_wconf 78' lang='lat' dir='ltr'>Quamquam</span> 
     </span>
     <span class='ocr_line' id='line_1_39' title="bbox 330 4587 1453 4659; baseline -0.007 -16"><span class='ocrx_word' id='word_1_324' title='bbox 330 4594 384 4643; x_wconf 90' lang='lat' dir='ltr'>hoc</span> <span class='ocrx_word' id='word_1_325' title='bbox 403 4608 511 4659; x_wconf 89' lang='lat' dir='ltr'>qnoque</span> <span class='ocrx_word' id='word_1_326' title='bbox 529 4593 573 4643; x_wconf 88' lang='lat' dir='ltr'>his</span> <span class='ocrx_word' id='word_1_327' title='bbox 591 4592 684 4642; x_wconf 90' lang='lat' dir='ltr'>uerbis</span> <span class='ocrx_word' id='word_1_328' title='bbox 702 4596 794 4657; x_wconf 86' lang='lat' dir='ltr'>potest</span> <span class='ocrx_word' id='word_1_329' title='bbox 811 4590 942 4654; x_wconf 87' lang='lat' dir='ltr'>indicari,</span> <span class='ocrx_word' id='word_1_330' title='bbox 962 4591 1030 4639; x_wconf 88' lang='lat' dir='ltr'>duas</span> <span class='ocrx_word' id='word_1_331' title='bbox 1049 4604 1109 4640; x_wconf 88' lang='lat' dir='ltr'>cum</span> <span class='ocrx_word' id='word_1_332' title='bbox 1127 4588 1305 4638; x_wconf 86' lang='lat' dir='ltr'>recensiones</span> <span class='ocrx_word' id='word_1_333' title='bbox 1324 4587 1453 4648; x_wconf 91' lang='lat' dir='ltr'>edidisse,</span> 
     </span>
    </p>
   </div>
   <div class='ocr_carea' id='block_1_5' title="bbox 332 4675 1046 4748">
    <p class='ocr_par' dir='ltr' id='par_1_6' title="bbox 332 4675 1046 4748">
     <span class='ocr_line' id='line_1_40' title="bbox 332 4675 1046 4748; baseline -0.013 -16"><span class='ocrx_word' id='word_1_334' title='bbox 332 4683 449 4735; x_wconf 88' lang='lat' dir='ltr'>alteram</span> <span class='ocrx_word' id='word_1_335' title='bbox 467 4683 637 4748; x_wconf 88' lang='lat' dir='ltr'>pedestrem,</span> <span class='ocrx_word' id='word_1_336' title='bbox 656 4678 800 4727; x_wconf 88' lang='lat' dir='ltr'>metricam</span> <span class='ocrx_word' id='word_1_337' title='bbox 819 4675 957 4738; x_wconf 82' lang='lat' dir='ltr'>alteram).</span> <span class='ocrx_word' id='word_1_338' title='bbox 1043 4698 1046 4703; x_wconf 97' lang='lat'>·</span> 
     </span>
    </p>
   </div>
   <div class='ocr_carea' id='block_1_6' title="bbox 1208 4763 1251 4826">
    <p class='ocr_par' dir='ltr' id='par_1_7' title="bbox 1208 4763 1251 4826">
     <span class='ocr_line' id='line_1_41' title="bbox 1208 4763 1251 4826; baseline 0 -30"><span class='ocrx_word' id='word_1_339' title='bbox 1208 4763 1251 4826; x_wconf 67' lang='lat'>48</span> 
     </span>
    </p>
   </div>
   <div class='ocr_carea' id='block_1_7' title="bbox 0 0 1784 5709">
    <p class='ocr_par' dir='ltr' id='par_1_8' title="bbox 0 0 1784 5709">
     <span class='ocr_line' id='line_1_42' title="bbox 0 0 1784 5709; baseline 0 1"><span class='ocrx_word' id='word_1_340' title='bbox 0 0 1784 5709; x_wconf 95' lang='lat' dir='ltr'> </span> 
     </span>
    </p>
   </div>
  </div>
 </body>
</html>
