3559 5709
333 687 374 751 42
802 702 932 757 tart'r
962 704 972 757 Ι

334 857 620 925 animaduertimus
648 871 681 925 et
708 885 842 947 maenas
872 868 940 948 (no.
966 877 993 932 1.
1018 875 1124 936 915.
1156 874 1206 934 19.
1236 876 1288 938 29.
1320 878 1371 939 3o.
1401 879 1447 939 31.

334 966 383 1041 «13,
414 968 464 1029 ot.
488 968 543 1043 69)
566 974 598 1026 et
620 961 737 1028 latinas
762 967 829 1048 (no.
853 975 882 1033 3.
907 978 936 1034 7.
960 975 989 1035 8.
1014 975 1066 1037 28·
1090 977 1142 1037 35.
1165 979 1217 1039 55.
1241 970 1317 1055 62);

578 1078 628 1137 77.
652 1066 741 1131 Cane
764 1089 877 1131 canem

577 1177 628 1240 78.
651 1167 732 1232 Cras
755 1167 868 1250 credo,
893 1168 990 1233 hodie
1013 1170 1096 1232 nihil

578 1279 628 1340 79.
651 1268 743 1333 Idem
766 1270 839 1333 Atti
862 1270 949 1355 quod
974 1272 1042 1334 Titi

577 1381 629 1442 St).
650 1371 764 1455 Longe
787 1371 873 1455 fugit
894 1372 951 1457 qui
974 1396 1051 1437 suos
1074 1373 1161 1458 fugit

576 1482 626 1543 81.
649 1472 793 1536 Pransus
816 1484 949 1559 paratus

576 1582 627 1645 82.
651 1573 749 1638 Sardi
771 1574 916 1640 uenales.
1469 1646 1471 1649 ,

416 1674 599 1762 Supersunt
615 1698 720 1764 pauca
735 1699 872 1763 quonrm
886 1675 940 1741 uel
956 1678 1143 1763 fragmenta
1159 1690 1277 1746 extant
1291 1684 1453 1767 prosarie,

332 1776 559 1862 inscriptiones
582 1788 691 1845 tristem
712 1778 874 1844 eiusmodi
897 1790 984 1861 sunt,
1006 1790 1044 1843 ut
1065 1781 1151 1845 inter
1172 1804 1274 1867 opera
1289 1784 1452 1851 Varronis

332 1876 476 1965 pedestri
498 1888 624 1946 tantum
647 1903 794 1946 sermone
817 1881 939 1967 scripta
960 1905 1026 1946 non
1048 1884 1177 1968 possint
1199 1885 1383 1971 pertinere:
1461 1913 1465 1920 ·

577 1993 628 2054 83.
652 1985 740 2049 Aiax
763 1984 1005 2048 stramenticius

575 2095 623 2156 et.
647 2086 748 2150 Baiae

577 2196 627 2257 st.
651 2184 789 2253 Caelebs

575 2298 626 2356 so.
648 2287 807 2354 Hereules
832 2289 1018 2354 Socraticus

578 2401 627 2462 87.
651 2390 926 2478 Oedipothyestes

577 2502 627 2565 88.
651 2491 801 2578 Serapis,
824 2531 866 2540 -

276 2604 282 2618 '
332 2592 383 2658 uel
408 2593 626 2676 fragmentum
652 2594 694 2659 sit
716 2594 895 2680 poeticum,
930 2595 1100 2681 inscriptio
1130 2606 1241 2661 autem
1268 2620 1290 2662 a
1311 2601 1452 2686 pseude-

332 2694 575 2779 trugoodiarum
597 2718 717 2780 genere
740 2696 861 2761 aliena:

576 2808 626 2870 89.
649 2799 805 2883 Magnum
829 2797 997 2863 talentum.

415 2898 498 2965 Sunt
521 2902 617 2966 otiam
640 2901 680 2966 de
704 2901 822 2987 quibus
846 2900 984 2966 dubium
1005 2923 1077 2965 esse
1093 2902 1175 2985 dixi,
1198 2913 1311 2969 utrum
1333 2907 1378 2971 ad
1399 2930 1449 2972 sa-

331 3011 419 3066 turus
444 3025 485 3068 on
508 3004 550 3069 ad
572 3002 886 3092 pseudotragoedias
909 3002 1108 3087 pertineant:

575 3117 626 3177 oo.
649 3105 787 3171 Aethrio

576 3219 627 3278 91.
650 3209 827 3273 Armorum
848 3206 1003 3271 iudicium

576 3319 627 3381 92.
652 3308 835 3375 Catamitus

574 3421 625 3483 93.
648 3412 842 3495 Λογομαχία

575 3525 626 3588 94.
649 3514 890 3579 Pseudaeneas.

304 3652 331 3688 ..
394 3621 616 3697 ‘Tanaqoilem’
641 3627 750 3682 autem
770 3615 965 3701 logistorieis
990 3613 1176 3680 addendam
1191 3615 1299 3680 uideri
1315 3618 1444 3682 Mesok-

330 3718 433 3782 linum
456 3729 585 3783 secutus
609 3742 709 3806 supra
731 3720 795 3783 iam
820 3716 996 3782 deelaraui.
1040 3716 1198 3802 Superest
1219 3724 1357 3784 ‘satura'
1387 3720 1449 3805 (ita

329 3821 512 3904 nominata,
536 3822 564 3886 si
587 3833 676 3887 recte
698 3820 885 3903 emendaui)

575 3934 626 3995 95.
649 3925 771 4005 Burra3

330 4036 506 4113 supersunt
572 4035 623 4097 96.
647 4026 841 4091 Praetorius
863 4032 895 4088 et

574 4138 625 4199 97.
654 4126 871 4209 Τρικάρανος,

329 4253 412 4316 quae
434 4231 555 4297 saturis
579 4253 645 4296 non
667 4228 770 4311 addo,
799 4229 865 4293 nisi
891 4227 969 4314 quia
997 4229 1156 4313 aptiorem
1178 4228 1225 4291 eis
1248 4225 1357 4293 losum
1379 4252 1447 4295 non

329 4331 443 4414 uide03
466 4340 617 4419 superest
639 4331 780 4417 denique
802 4330 927 4395 ‘Varro
950 4335 1058 4409 Puppe
1080 4340 1133 4394 unt
1154 4336 1291 4408 tudina,
1318 4327 1358 4396 de
1381 4354 1447 4417 quo

329 4428 413 4496 libro
436 4434 516 4499 eerti
538 4433 585 4497 nil
608 4432 671 4498 diei
695 4443 814 4520 potest,
838 4431 1101 4518 quandoquidem
1116 4430 1361 4517 inscriptionem
1376 4455 1447 4497 eor-

329 4543 461 4618 ruptam
483 4535 657 4601 emendare
678 4534 823 4601 nondum
847 4533 999 4617 eontigit3
1029 4533 1225 4617 logistoriois
1247 4542 1359 4598 tamen
1380 4533 1447 4597 nisi

329 4636 513 4701 mutatione
540 4636 637 4701 nimis
665 4635 811 4701 uiolenta
841 4657 908 4700 non
938 4643 1047 4721 potest
1075 4634 1231 4699 adscribi.
1276 4639 1446 4701 Ecclesiam
