<?xml version="1.0" encoding="UTF-8"?>
<!DOCTYPE html PUBLIC "-//W3C//DTD XHTML 1.0 Transitional//EN"
    "http://www.w3.org/TR/xhtml1/DTD/xhtml1-transitional.dtd">
<html xmlns="http://www.w3.org/1999/xhtml" xml:lang="en" lang="en">
 <head>
  <title>
</title>
<meta http-equiv="Content-Type" content="text/html;charset=utf-8" />
  <meta name='ocr-system' content='tesseract 3.04.00' />
  <meta name='ocr-capabilities' content='ocr_page ocr_carea ocr_par ocr_line ocrx_word'/>
</head>
<body>
  <div class='ocr_page' id='page_1' title='image "./saturarummenipp00riesgoog_0041.png"; bbox 0 0 3559 5709; ppageno 0'>
   <div class='ocr_carea' id='block_1_1' title="bbox 713 694 1352 757">
    <p class='ocr_par' dir='ltr' id='par_1_1' title="bbox 713 694 1352 757">
     <span class='ocr_line' id='line_1_1' title="bbox 713 694 1352 757; baseline 0.005 -3"><span class='ocrx_word' id='word_1_1' title='bbox 713 699 840 755; x_wconf 76' lang='lat' dir='ltr'>sssrv&#39;r</span> <span class='ocrx_word' id='word_1_2' title='bbox 869 699 879 754; x_wconf 91' lang='lat'>1</span> <span class='ocrx_word' id='word_1_3' title='bbox 1314 694 1352 757; x_wconf 79' lang='lat' dir='ltr'>ll</span> 
     </span>
    </p>
   </div>
   <div class='ocr_carea' id='block_1_2' title="bbox 229 861 1362 4313">
    <p class='ocr_par' dir='ltr' id='par_1_2' title="bbox 229 861 1362 4313">
     <span class='ocr_line' id='line_1_2' title="bbox 234 861 1353 948; baseline 0.003 -25"><span class='ocrx_word' id='word_1_4' title='bbox 234 882 319 947; x_wconf 90' lang='lat' dir='ltr'>quae</span> <span class='ocrx_word' id='word_1_5' title='bbox 341 869 473 946; x_wconf 88' lang='lat' dir='ltr'>praeter</span> <span class='ocrx_word' id='word_1_6' title='bbox 493 882 608 947; x_wconf 84' lang='lat' dir='ltr'>uersus</span> <span class='ocrx_word' id='word_1_7' title='bbox 630 882 760 948; x_wconf 79' lang='lat' dir='ltr'>prosam</span> <span class='ocrx_word' id='word_1_8' title='bbox 782 883 909 947; x_wconf 90' lang='lat' dir='ltr'>quoque</span> <span class='ocrx_word' id='word_1_9' title='bbox 930 861 1110 925; x_wconf 90' lang='lat' dir='ltr'>orationem</span> <span class='ocrx_word' id='word_1_10' title='bbox 1131 861 1353 944; x_wconf 79' lang='lat' dir='ltr'>continebant,</span> 
     </span>
     <span class='ocr_line' id='line_1_3' title="bbox 232 962 1354 1044; baseline 0 -17"><span class='ocrx_word' id='word_1_11' title='bbox 232 985 301 1029; x_wconf 91' lang='lat' dir='ltr'>non</span> <span class='ocrx_word' id='word_1_12' title='bbox 324 972 434 1027; x_wconf 86' lang='lat' dir='ltr'>tamen</span> <span class='ocrx_word' id='word_1_13' title='bbox 457 963 541 1027; x_wconf 89' lang='lat' dir='ltr'>tanti</span> <span class='ocrx_word' id='word_1_14' title='bbox 564 962 598 1027; x_wconf 94' lang='lat' dir='ltr'>id</span> <span class='ocrx_word' id='word_1_15' title='bbox 622 964 777 1027; x_wconf 80' lang='lat' dir='ltr'>momenti</span> <span class='ocrx_word' id='word_1_16' title='bbox 805 963 954 1027; x_wconf 82' lang='lat' dir='ltr'>Ciceroni</span> <span class='ocrx_word' id='word_1_17' title='bbox 977 972 1055 1026; x_wconf 87' lang='lat' dir='ltr'>tunc</span> <span class='ocrx_word' id='word_1_18' title='bbox 1078 972 1163 1044; x_wconf 90' lang='lat' dir='ltr'>erat,</span> <span class='ocrx_word' id='word_1_19' title='bbox 1188 973 1225 1027; x_wconf 91' lang='lat' dir='ltr'>ut</span> <span class='ocrx_word' id='word_1_20' title='bbox 1253 963 1354 1027; x_wconf 89' lang='lat' dir='ltr'>diser·</span> 
     </span>
     <span class='ocr_line' id='line_1_4' title="bbox 232 1064 1353 1151; baseline 0.001 -22"><span class='ocrx_word' id='word_1_21' title='bbox 232 1066 277 1129; x_wconf 92' lang='lat' dir='ltr'>tis</span> <span class='ocrx_word' id='word_1_22' title='bbox 300 1066 409 1131; x_wconf 86' lang='lat' dir='ltr'>uerbis</span> <span class='ocrx_word' id='word_1_23' title='bbox 434 1064 622 1147; x_wconf 80' lang='lat' dir='ltr'>adnotaret3</span> <span class='ocrx_word' id='word_1_24' title='bbox 656 1066 689 1128; x_wconf 91' lang='lat' dir='ltr'>in</span> <span class='ocrx_word' id='word_1_25' title='bbox 717 1066 825 1150; x_wconf 88' lang='lat' dir='ltr'>poesis</span> <span class='ocrx_word' id='word_1_26' title='bbox 854 1076 964 1130; x_wconf 84' lang='lat' dir='ltr'>autern</span> <span class='ocrx_word' id='word_1_27' title='bbox 997 1065 1202 1151; x_wconf 89' lang='lat' dir='ltr'>potissimum</span> <span class='ocrx_word' id='word_1_28' title='bbox 1232 1064 1353 1130; x_wconf 88' lang='lat' dir='ltr'>Varro·</span> 
     </span>
     <span class='ocr_line' id='line_1_5' title="bbox 233 1165 1353 1252; baseline 0.001 -23"><span class='ocrx_word' id='word_1_29' title='bbox 233 1167 355 1231; x_wconf 88' lang='lat' dir='ltr'>nianae</span> <span class='ocrx_word' id='word_1_30' title='bbox 378 1165 601 1231; x_wconf 83' lang='lat' dir='ltr'>laudationem</span> <span class='ocrx_word' id='word_1_31' title='bbox 624 1189 699 1231; x_wconf 91' lang='lat' dir='ltr'>eum</span> <span class='ocrx_word' id='word_1_32' title='bbox 721 1166 878 1230; x_wconf 90' lang='lat' dir='ltr'>incidiss&#39;e</span> <span class='ocrx_word' id='word_1_33' title='bbox 901 1189 967 1231; x_wconf 91' lang='lat' dir='ltr'>non</span> <span class='ocrx_word' id='word_1_34' title='bbox 990 1177 1111 1231; x_wconf 89' lang='lat' dir='ltr'>temere</span> <span class='ocrx_word' id='word_1_35' title='bbox 1134 1166 1206 1251; x_wconf 89' lang='lat' dir='ltr'>quis</span> <span class='ocrx_word' id='word_1_36' title='bbox 1230 1188 1353 1252; x_wconf 89' lang='lat' dir='ltr'>eprae-</span> 
     </span>
     <span class='ocr_line' id='line_1_6' title="bbox 233 1267 1355 1354; baseline 0.002 -23"><span class='ocrx_word' id='word_1_37' title='bbox 233 1267 428 1333; x_wconf 88' lang='lat' dir='ltr'>cedentibus</span> <span class='ocrx_word' id='word_1_38' title='bbox 444 1267 554 1332; x_wconf 88' lang='lat' dir='ltr'>uerbis</span> <span class='ocrx_word' id='word_1_39' title='bbox 571 1267 754 1333; x_wconf 90' lang='lat' dir='ltr'>ducendum</span> <span class='ocrx_word' id='word_1_40' title='bbox 770 1268 929 1354; x_wconf 69' lang='lat' dir='ltr'>putabitz,</span> <span class='ocrx_word' id='word_1_41' title='bbox 942 1273 1173 1348; x_wconf 79' lang='lat' dir='ltr'>‘plurimumque</span> <span class='ocrx_word' id='word_1_42' title='bbox 1191 1275 1289 1347; x_wconf 74' lang='lat' dir='ltr'>poetis</span> <span class='ocrx_word' id='word_1_43' title='bbox 1302 1290 1355 1333; x_wconf 87' lang='lat' dir='ltr'>no-</span> 
     </span>
     <span class='ocr_line' id='line_1_7' title="bbox 233 1369 1354 1456; baseline 0 -21"><span class='ocrx_word' id='word_1_44' title='bbox 233 1376 307 1435; x_wconf 78' lang='lat' dir='ltr'>stris</span> <span class='ocrx_word' id='word_1_45' title='bbox 327 1408 371 1419; x_wconf 90' lang='lat'>—-</span> <span class='ocrx_word' id='word_1_46' title='bbox 392 1376 513 1434; x_wconf 78' lang='lat' dir='ltr'>luminis</span> <span class='ocrx_word' id='word_1_47' title='bbox 541 1377 670 1435; x_wconf 79' lang='lat' dir='ltr'>attulisti</span> <span class='ocrx_word' id='word_1_48' title='bbox 676 1380 701 1452; x_wconf 88' lang='lat'>&#39;,</span> <span class='ocrx_word' id='word_1_49' title='bbox 729 1380 805 1456; x_wconf 88' lang='lat' dir='ltr'>post</span> <span class='ocrx_word' id='word_1_50' title='bbox 832 1392 916 1456; x_wconf 89' lang='lat' dir='ltr'>quae</span> <span class='ocrx_word' id='word_1_51' title='bbox 942 1369 1046 1456; x_wconf 89' lang='lat' dir='ltr'>ipsius</span> <span class='ocrx_word' id='word_1_52' title='bbox 1079 1369 1259 1434; x_wconf 84' lang='lat' dir='ltr'>carminum</span> <span class='ocrx_word' id='word_1_53' title='bbox 1286 1369 1354 1435; x_wconf 91' lang='lat' dir='ltr'>lau-</span> 
     </span>
     <span class='ocr_line' id='line_1_8' title="bbox 235 1468 1354 1558; baseline 0.003 -23"><span class='ocrx_word' id='word_1_54' title='bbox 235 1472 327 1536; x_wconf 88' lang='lat' dir='ltr'>datio</span> <span class='ocrx_word' id='word_1_55' title='bbox 350 1472 468 1558; x_wconf 62' lang='lat' dir='ltr'>(utque</span> <span class='ocrx_word' id='word_1_56' title='bbox 496 1478 577 1552; x_wconf 81' lang='lat' dir='ltr'>ipse</span> <span class='ocrx_word' id='word_1_57' title='bbox 598 1511 641 1521; x_wconf 87' lang='lat'>—-</span> <span class='ocrx_word' id='word_1_58' title='bbox 658 1494 768 1552; x_wconf 83' lang='lat' dir='ltr'>poema</span> <span class='ocrx_word' id='word_1_59' title='bbox 792 1476 928 1557; x_wconf 78' lang='lat' dir='ltr'>fecisti&#39;)</span> <span class='ocrx_word' id='word_1_60' title='bbox 958 1472 1079 1558; x_wconf 81' lang='lat' dir='ltr'>optime</span> <span class='ocrx_word' id='word_1_61' title='bbox 1107 1468 1266 1535; x_wconf 87' lang='lat' dir='ltr'>collocata</span> <span class='ocrx_word' id='word_1_62' title='bbox 1295 1484 1354 1538; x_wconf 87' lang='lat' dir='ltr'>est.</span> 
     </span>
     <span class='ocr_line' id='line_1_9' title="bbox 236 1572 1355 1661; baseline 0 -23"><span class='ocrx_word' id='word_1_63' title='bbox 236 1574 350 1655; x_wconf 79' lang='lat' dir='ltr'>Quare</span> <span class='ocrx_word' id='word_1_64' title='bbox 376 1595 451 1637; x_wconf 87' lang='lat' dir='ltr'>cum</span> <span class='ocrx_word' id='word_1_65' title='bbox 477 1597 545 1639; x_wconf 91' lang='lat' dir='ltr'>non</span> <span class='ocrx_word' id='word_1_66' title='bbox 573 1573 706 1661; x_wconf 89' lang='lat' dir='ltr'>quidem</span> <span class='ocrx_word' id='word_1_67' title='bbox 733 1596 806 1639; x_wconf 86' lang='lat' dir='ltr'>cum</span> <span class='ocrx_word' id='word_1_68' title='bbox 829 1574 1028 1639; x_wconf 89' lang='lat' dir='ltr'>Buechelero</span> <span class='ocrx_word' id='word_1_69' title='bbox 1057 1572 1079 1637; x_wconf 94' lang='lat' dir='ltr'>l.</span> <span class='ocrx_word' id='word_1_70' title='bbox 1103 1596 1130 1637; x_wconf 89' lang='lat' dir='ltr'>c.</span> <span class='ocrx_word' id='word_1_71' title='bbox 1154 1583 1280 1638; x_wconf 88' lang='lat' dir='ltr'>certum</span> <span class='ocrx_word' id='word_1_72' title='bbox 1302 1574 1355 1638; x_wconf 90' lang='lat' dir='ltr'>fir-</span> 
     </span>
     <span class='ocr_line' id='line_1_10' title="bbox 234 1675 1355 1762; baseline 0.001 -23"><span class='ocrx_word' id='word_1_73' title='bbox 234 1698 388 1762; x_wconf 91' lang='lat' dir='ltr'>mumque</span> <span class='ocrx_word' id='word_1_74' title='bbox 410 1676 535 1740; x_wconf 82' lang='lat' dir='ltr'>mixtae</span> <span class='ocrx_word' id='word_1_75' title='bbox 558 1686 742 1741; x_wconf 89' lang='lat' dir='ltr'>saturarum</span> <span class='ocrx_word' id='word_1_76' title='bbox 763 1675 884 1742; x_wconf 90' lang='lat' dir='ltr'>indolis</span> <span class='ocrx_word' id='word_1_77' title='bbox 907 1687 1134 1761; x_wconf 84' lang='lat' dir='ltr'>argumentum</span> <span class='ocrx_word' id='word_1_78' title='bbox 1156 1677 1191 1741; x_wconf 92' lang='lat' dir='ltr'>in</span> <span class='ocrx_word' id='word_1_79' title='bbox 1211 1676 1261 1741; x_wconf 91' lang='lat' dir='ltr'>his</span> <span class='ocrx_word' id='word_1_80' title='bbox 1284 1700 1355 1741; x_wconf 92' lang='lat' dir='ltr'>uer-</span> 
     </span>
     <span class='ocr_line' id='line_1_11' title="bbox 234 1775 1355 1865; baseline -0.002 -22"><span class='ocrx_word' id='word_1_81' title='bbox 234 1778 289 1843; x_wconf 89' lang='lat' dir='ltr'>bis</span> <span class='ocrx_word' id='word_1_82' title='bbox 312 1777 455 1864; x_wconf 86' lang='lat' dir='ltr'>reperire</span> <span class='ocrx_word' id='word_1_83' title='bbox 477 1775 584 1859; x_wconf 88' lang='lat' dir='ltr'>liceat,</span> <span class='ocrx_word' id='word_1_84' title='bbox 608 1788 718 1842; x_wconf 90' lang='lat' dir='ltr'>tamen</span> <span class='ocrx_word' id='word_1_85' title='bbox 741 1778 840 1844; x_wconf 87' lang='lat' dir='ltr'>etiam</span> <span class='ocrx_word' id='word_1_86' title='bbox 863 1778 1060 1865; x_wconf 87' lang='lat' dir='ltr'>Roeperum,</span> <span class='ocrx_word' id='word_1_87' title='bbox 1084 1781 1139 1864; x_wconf 92' lang='lat' dir='ltr'>qui</span> <span class='ocrx_word' id='word_1_88' title='bbox 1161 1780 1183 1843; x_wconf 91' lang='lat' dir='ltr'>l.</span> <span class='ocrx_word' id='word_1_89' title='bbox 1200 1801 1228 1843; x_wconf 91' lang='lat' dir='ltr'>c.</span> <span class='ocrx_word' id='word_1_90' title='bbox 1244 1802 1276 1865; x_wconf 91' lang='lat' dir='ltr'>p.</span> <span class='ocrx_word' id='word_1_91' title='bbox 1293 1788 1355 1850; x_wconf 85' lang='lat'>438</span> 
     </span>
     <span class='ocr_line' id='line_1_12' title="bbox 235 1869 1355 1967; baseline 0 -24"><span class='ocrx_word' id='word_1_92' title='bbox 235 1888 325 1962; x_wconf 85' lang='lat' dir='ltr'>totas</span> <span class='ocrx_word' id='word_1_93' title='bbox 346 1869 496 1943; x_wconf 83' lang='lat' dir='ltr'>uersibus</span> <span class='ocrx_word' id='word_1_94' title='bbox 525 1879 710 1945; x_wconf 83' lang='lat' dir='ltr'>constitisse</span> <span class='ocrx_word' id='word_1_95' title='bbox 738 1879 892 1945; x_wconf 93' lang='lat' dir='ltr'>hocloco</span> <span class='ocrx_word' id='word_1_96' title='bbox 916 1881 1083 1945; x_wconf 86' lang='lat' dir='ltr'>existimat</span> <span class='ocrx_word' id='word_1_97' title='bbox 1105 1881 1260 1963; x_wconf 91' lang='lat' dir='ltr'>indicari,</span> <span class='ocrx_word' id='word_1_98' title='bbox 1283 1902 1355 1967; x_wconf 90' lang='lat' dir='ltr'>pro-</span> 
     </span>
     <span class='ocr_line' id='line_1_13' title="bbox 235 1981 1355 2069; baseline -0.001 -24"><span class='ocrx_word' id='word_1_99' title='bbox 235 1981 413 2069; x_wconf 86' lang='lat' dir='ltr'>prietatem</span> <span class='ocrx_word' id='word_1_100' title='bbox 435 2002 658 2068; x_wconf 88' lang='lat' dir='ltr'>conexumque</span> <span class='ocrx_word' id='word_1_101' title='bbox 686 1982 866 2048; x_wconf 87' lang='lat' dir='ltr'>sententiae</span> <span class='ocrx_word' id='word_1_102' title='bbox 894 2006 960 2049; x_wconf 90' lang='lat' dir='ltr'>non</span> <span class='ocrx_word' id='word_1_103' title='bbox 987 1983 1068 2047; x_wconf 86' lang='lat' dir='ltr'>satis</span> <span class='ocrx_word' id='word_1_104' title='bbox 1091 2005 1224 2048; x_wconf 85' lang='lat' dir='ltr'>curasse</span> <span class='ocrx_word' id='word_1_105' title='bbox 1247 2005 1355 2047; x_wconf 87' lang='lat' dir='ltr'>cense-</span> 
     </span>
     <span class='ocr_line' id='line_1_14' title="bbox 236 2082 1357 2169; baseline -0.001 -20"><span class='ocrx_word' id='word_1_106' title='bbox 236 2083 367 2149; x_wconf 81' lang='lat' dir='ltr'>bimus.</span> <span class='ocrx_word' id='word_1_107' title='bbox 381 2122 423 2131; x_wconf 94' lang='lat'><em>-</em></span> <span class='ocrx_word' id='word_1_108' title='bbox 446 2083 595 2148; x_wconf 84' lang='lat' dir='ltr'>Alterum</span> <span class='ocrx_word' id='word_1_109' title='bbox 618 2107 635 2148; x_wconf 88' lang='lat' dir='ltr'>e</span> <span class='ocrx_word' id='word_1_110' title='bbox 659 2082 862 2165; x_wconf 80' lang='lat' dir='ltr'>Quintiliano</span> <span class='ocrx_word' id='word_1_111' title='bbox 886 2083 994 2150; x_wconf 90' lang='lat' dir='ltr'>locum</span> <span class='ocrx_word' id='word_1_112' title='bbox 1022 2084 1151 2169; x_wconf 90' lang='lat' dir='ltr'>saepius</span> <span class='ocrx_word' id='word_1_113' title='bbox 1175 2086 1241 2149; x_wconf 88' lang='lat' dir='ltr'>iam</span> <span class='ocrx_word' id='word_1_114' title='bbox 1263 2107 1283 2149; x_wconf 92' lang='lat' dir='ltr'>a</span> <span class='ocrx_word' id='word_1_115' title='bbox 1305 2107 1357 2148; x_wconf 92' lang='lat' dir='ltr'>me</span> 
     </span>
     <span class='ocr_line' id='line_1_15' title="bbox 236 2183 1357 2273; baseline 0.001 -24"><span class='ocrx_word' id='word_1_116' title='bbox 236 2183 385 2250; x_wconf 86' lang='lat' dir='ltr'>adlatum</span> <span class='ocrx_word' id='word_1_117' title='bbox 406 2185 496 2250; x_wconf 91' lang='lat' dir='ltr'>haud</span> <span class='ocrx_word' id='word_1_118' title='bbox 519 2187 641 2252; x_wconf 86' lang='lat' dir='ltr'>maiore</span> <span class='ocrx_word' id='word_1_119' title='bbox 663 2187 698 2250; x_wconf 94' lang='lat' dir='ltr'>ui</span> <span class='ocrx_word' id='word_1_120' title='bbox 720 2209 817 2273; x_wconf 87' lang='lat' dir='ltr'>quam</span> <span class='ocrx_word' id='word_1_121' title='bbox 834 2185 1002 2252; x_wconf 80' lang='lat' dir='ltr'>Ciceronis</span> <span class='ocrx_word' id='word_1_122' title='bbox 1017 2187 1120 2252; x_wconf 87' lang='lat' dir='ltr'>uerba</span> <span class='ocrx_word' id='word_1_123' title='bbox 1134 2186 1186 2250; x_wconf 91' lang='lat' dir='ltr'>uel</span> <span class='ocrx_word' id='word_1_124' title='bbox 1209 2185 1253 2250; x_wconf 89' lang='lat' dir='ltr'>ad</span> <span class='ocrx_word' id='word_1_125' title='bbox 1273 2185 1357 2250; x_wconf 86' lang='lat' dir='ltr'>hanc</span> 
     </span>
     <span class='ocr_line' id='line_1_16' title="bbox 236 2286 1355 2375; baseline 0.001 -24"><span class='ocrx_word' id='word_1_126' title='bbox 236 2286 292 2351; x_wconf 92' lang='lat' dir='ltr'>uel</span> <span class='ocrx_word' id='word_1_127' title='bbox 307 2288 351 2352; x_wconf 88' lang='lat' dir='ltr'>ad</span> <span class='ocrx_word' id='word_1_128' title='bbox 364 2286 455 2352; x_wconf 89' lang='lat' dir='ltr'>illam</span> <span class='ocrx_word' id='word_1_129' title='bbox 470 2300 597 2375; x_wconf 88' lang='lat' dir='ltr'>partem</span> <span class='ocrx_word' id='word_1_130' title='bbox 619 2312 678 2354; x_wconf 92' lang='lat' dir='ltr'>nos</span> <span class='ocrx_word' id='word_1_131' title='bbox 694 2289 823 2353; x_wconf 89' lang='lat' dir='ltr'>trahere</span> <span class='ocrx_word' id='word_1_132' title='bbox 845 2311 877 2374; x_wconf 87' lang='lat' dir='ltr'>p.</span> <span class='ocrx_word' id='word_1_133' title='bbox 891 2297 910 2358; x_wconf 87' lang='lat'>6</span> <span class='ocrx_word' id='word_1_134' title='bbox 927 2312 975 2375; x_wconf 86' lang='lat' dir='ltr'>sq.</span> <span class='ocrx_word' id='word_1_135' title='bbox 990 2289 1057 2352; x_wconf 90' lang='lat' dir='ltr'>iam</span> <span class='ocrx_word' id='word_1_136' title='bbox 1074 2288 1213 2353; x_wconf 86' lang='lat' dir='ltr'>ostendi.</span> <span class='ocrx_word' id='word_1_137' title='bbox 1237 2289 1355 2374; x_wconf 89' lang='lat' dir='ltr'>Super-</span> 
     </span>
     <span class='ocr_line' id='line_1_17' title="bbox 238 2388 1357 2477; baseline 0 -24"><span class='ocrx_word' id='word_1_138' title='bbox 238 2399 290 2453; x_wconf 85' lang='lat' dir='ltr'>est</span> <span class='ocrx_word' id='word_1_139' title='bbox 313 2388 453 2477; x_wconf 92' lang='lat' dir='ltr'>denique</span> <span class='ocrx_word' id='word_1_140' title='bbox 475 2389 616 2472; x_wconf 90' lang='lat' dir='ltr'>Probus,</span> <span class='ocrx_word' id='word_1_141' title='bbox 640 2391 696 2477; x_wconf 92' lang='lat' dir='ltr'>qui</span> <span class='ocrx_word' id='word_1_142' title='bbox 718 2390 740 2456; x_wconf 92' lang='lat' dir='ltr'>l.</span> <span class='ocrx_word' id='word_1_143' title='bbox 756 2412 785 2454; x_wconf 88' lang='lat' dir='ltr'>c.</span> <span class='ocrx_word' id='word_1_144' title='bbox 809 2391 855 2476; x_wconf 89' lang='lat' dir='ltr'>(p.</span> <span class='ocrx_word' id='word_1_145' title='bbox 874 2399 914 2459; x_wconf 88' lang='grc'>14</span> <span class='ocrx_word' id='word_1_146' title='bbox 936 2389 1038 2474; x_wconf 86' lang='lat' dir='ltr'>Keil.)</span> <span class='ocrx_word' id='word_1_147' title='bbox 1061 2389 1254 2476; x_wconf 89' lang='lat' dir='ltr'>Menippum</span> <span class='ocrx_word' id='word_1_148' title='bbox 1275 2390 1357 2453; x_wconf 90' lang='lat' dir='ltr'>Var-</span> 
     </span>
     <span class='ocr_line' id='line_1_18' title="bbox 237 2490 1356 2578; baseline 0 -23"><span class='ocrx_word' id='word_1_149' title='bbox 237 2514 414 2578; x_wconf 88' lang='lat' dir='ltr'>ronemque</span> <span class='ocrx_word' id='word_1_150' title='bbox 437 2492 622 2577; x_wconf 76' lang='lat' dir='ltr'>‘omnigeno</span> <span class='ocrx_word' id='word_1_151' title='bbox 646 2491 787 2557; x_wconf 88' lang='lat' dir='ltr'>carmine</span> <span class='ocrx_word' id='word_1_152' title='bbox 810 2492 928 2556; x_wconf 87' lang='lat' dir='ltr'>satiras</span> <span class='ocrx_word' id='word_1_153' title='bbox 958 2515 1033 2556; x_wconf 89' lang='lat' dir='ltr'>suas</span> <span class='ocrx_word' id='word_1_154' title='bbox 1057 2490 1269 2577; x_wconf 87' lang='lat' dir='ltr'>expoliuisse&#39;</span> <span class='ocrx_word' id='word_1_155' title='bbox 1293 2500 1356 2555; x_wconf 87' lang='lat' dir='ltr'>tra·</span> 
     </span>
     <span class='ocr_line' id='line_1_19' title="bbox 239 2593 1358 2682; baseline -0.002 -24"><span class='ocrx_word' id='word_1_156' title='bbox 239 2593 336 2659; x_wconf 87' lang='lat' dir='ltr'>didit.</span> <span class='ocrx_word' id='word_1_157' title='bbox 367 2596 477 2682; x_wconf 89' lang='lat' dir='ltr'>Atque</span> <span class='ocrx_word' id='word_1_158' title='bbox 500 2594 665 2660; x_wconf 82' lang='lat' dir='ltr'>Graecum</span> <span class='ocrx_word' id='word_1_159' title='bbox 688 2594 820 2681; x_wconf 88' lang='lat' dir='ltr'>quidem</span> <span class='ocrx_word' id='word_1_160' title='bbox 842 2594 909 2658; x_wconf 90' lang='lat' dir='ltr'>iam</span> <span class='ocrx_word' id='word_1_161' title='bbox 930 2593 1074 2659; x_wconf 90' lang='lat' dir='ltr'>uidimus</span> <span class='ocrx_word' id='word_1_162' title='bbox 1101 2594 1268 2678; x_wconf 89' lang='lat' dir='ltr'>poeticum</span> <span class='ocrx_word' id='word_1_163' title='bbox 1292 2615 1358 2657; x_wconf 89' lang='lat' dir='ltr'>ser-</span> 
     </span>
     <span class='ocr_line' id='line_1_20' title="bbox 238 2696 1359 2783; baseline -0.002 -22"><span class='ocrx_word' id='word_1_164' title='bbox 238 2718 368 2762; x_wconf 90' lang='lat' dir='ltr'>monem</span> <span class='ocrx_word' id='word_1_165' title='bbox 389 2696 620 2779; x_wconf 86' lang='lat' dir='ltr'>immiscuisse,</span> <span class='ocrx_word' id='word_1_166' title='bbox 653 2708 692 2761; x_wconf 93' lang='lat' dir='ltr'>ut</span> <span class='ocrx_word' id='word_1_167' title='bbox 714 2698 857 2763; x_wconf 90' lang='lat' dir='ltr'>Probum</span> <span class='ocrx_word' id='word_1_168' title='bbox 889 2708 1057 2783; x_wconf 87' lang='lat' dir='ltr'>tamquam</span> <span class='ocrx_word' id='word_1_169' title='bbox 1085 2697 1223 2760; x_wconf 89' lang='lat' dir='ltr'>inscium</span> <span class='ocrx_word' id='word_1_170' title='bbox 1245 2696 1316 2759; x_wconf 93' lang='lat' dir='ltr'>ueri</span> <span class='ocrx_word' id='word_1_171' title='bbox 1338 2718 1359 2759; x_wconf 88' lang='lat' dir='ltr'>a</span> 
     </span>
     <span class='ocr_line' id='line_1_21' title="bbox 238 2798 1358 2886; baseline -0.004 -21"><span class='ocrx_word' id='word_1_172' title='bbox 238 2799 389 2885; x_wconf 89' lang='lat' dir='ltr'>Roepero</span> <span class='ocrx_word' id='word_1_173' title='bbox 416 2798 437 2863; x_wconf 94' lang='lat' dir='ltr'>l.</span> <span class='ocrx_word' id='word_1_174' title='bbox 463 2822 490 2864; x_wconf 88' lang='lat' dir='ltr'>c.</span> <span class='ocrx_word' id='word_1_175' title='bbox 513 2808 632 2886; x_wconf 67' lang='lat' dir='ltr'>pcto</span> <span class='ocrx_word' id='word_1_176' title='bbox 661 2822 731 2886; x_wconf 87' lang='lat' dir='ltr'>sqq.</span> <span class='ocrx_word' id='word_1_177' title='bbox 762 2798 957 2885; x_wconf 89' lang='lat' dir='ltr'>reprehendi</span> <span class='ocrx_word' id='word_1_178' title='bbox 985 2822 1051 2864; x_wconf 93' lang='lat' dir='ltr'>non</span> <span class='ocrx_word' id='word_1_179' title='bbox 1084 2798 1183 2862; x_wconf 80' lang='lat' dir='ltr'>frierit</span> <span class='ocrx_word' id='word_1_180' title='bbox 1210 2820 1358 2862; x_wconf 87' lang='lat' dir='ltr'>necessa·</span> 
     </span>
     <span class='ocr_line' id='line_1_22' title="bbox 229 2899 1359 2988; baseline -0.004 -22"><span class='ocrx_word' id='word_1_181' title='bbox 229 2901 365 2988; x_wconf 82' lang='lat' dir='ltr'>-rium.¹)</span> <span class='ocrx_word' id='word_1_182' title='bbox 409 2901 540 2965; x_wconf 83' lang='lat' dir='ltr'>Etenim</span> <span class='ocrx_word' id='word_1_183' title='bbox 570 2901 624 2965; x_wconf 92' lang='lat' dir='ltr'>ille</span> <span class='ocrx_word' id='word_1_184' title='bbox 647 2902 886 2966; x_wconf 89' lang='lat' dir='ltr'>enarrationem</span> <span class='ocrx_word' id='word_1_185' title='bbox 914 2901 1008 2965; x_wconf 92' lang='lat' dir='ltr'>huius</span> <span class='ocrx_word' id='word_1_186' title='bbox 1038 2899 1101 2965; x_wconf 90' lang='lat' dir='ltr'>loci</span> <span class='ocrx_word' id='word_1_187' title='bbox 1124 2901 1218 2963; x_wconf 89' lang='lat' dir='ltr'>unice</span> <span class='ocrx_word' id='word_1_188' title='bbox 1246 2922 1359 2962; x_wconf 91' lang='lat' dir='ltr'>ueram</span> 
     </span>
     <span class='ocr_line' id='line_1_23' title="bbox 238 3002 1358 3090; baseline -0.004 -22"><span class='ocrx_word' id='word_1_189' title='bbox 238 3005 324 3068; x_wconf 79' lang='lat' dir='ltr'>hanc</span> <span class='ocrx_word' id='word_1_190' title='bbox 346 3012 458 3090; x_wconf 89' lang='lat' dir='ltr'>putat,</span> <span class='ocrx_word' id='word_1_191' title='bbox 487 3003 629 3067; x_wconf 88' lang='lat' dir='ltr'>carmine</span> <span class='ocrx_word' id='word_1_192' title='bbox 653 3003 770 3067; x_wconf 89' lang='lat' dir='ltr'>satiras</span> <span class='ocrx_word' id='word_1_193' title='bbox 794 3002 940 3089; x_wconf 88' lang='lat' dir='ltr'>expolire</span> <span class='ocrx_word' id='word_1_194' title='bbox 962 3002 1051 3066; x_wconf 89' lang='lat' dir='ltr'>idem</span> <span class='ocrx_word' id='word_1_195' title='bbox 1074 3023 1146 3066; x_wconf 88' lang='lat' dir='ltr'>esse</span> <span class='ocrx_word' id='word_1_196' title='bbox 1169 3010 1267 3087; x_wconf 86' lang='lat' dir='ltr'>atque</span> <span class='ocrx_word' id='word_1_197' title='bbox 1290 3023 1358 3064; x_wconf 86' lang='lat' dir='ltr'>car-</span> 
     </span>
     <span class='ocr_line' id='line_1_24' title="bbox 239 3103 1358 3191; baseline -0.004 -21"><span class='ocrx_word' id='word_1_198' title='bbox 239 3104 384 3170; x_wconf 88' lang='lat' dir='ltr'>minibus</span> <span class='ocrx_word' id='word_1_199' title='bbox 418 3104 539 3190; x_wconf 90' lang='lat' dir='ltr'>pulcris</span> <span class='ocrx_word' id='word_1_200' title='bbox 574 3114 606 3169; x_wconf 91' lang='lat' dir='ltr'>et</span> <span class='ocrx_word' id='word_1_201' title='bbox 635 3104 786 3191; x_wconf 90' lang='lat' dir='ltr'>expolitis</span> <span class='ocrx_word' id='word_1_202' title='bbox 820 3114 1007 3170; x_wconf 89' lang='lat' dir='ltr'>constantes</span> <span class='ocrx_word' id='word_1_203' title='bbox 1046 3105 1166 3168; x_wconf 89' lang='lat' dir='ltr'>satiras</span> <span class='ocrx_word' id='word_1_204' title='bbox 1200 3103 1358 3185; x_wconf 78' lang='lat' dir='ltr'>scribere3</span> 
     </span>
     <span class='ocr_line' id='line_1_25' title="bbox 239 3204 1358 3296; baseline -0.002 -24"><span class='ocrx_word' id='word_1_205' title='bbox 239 3230 324 3296; x_wconf 89' lang='lat' dir='ltr'>quae</span> <span class='ocrx_word' id='word_1_206' title='bbox 346 3207 375 3270; x_wconf 90' lang='lat' dir='ltr'>si</span> <span class='ocrx_word' id='word_1_207' title='bbox 396 3229 476 3272; x_wconf 89' lang='lat' dir='ltr'>uera</span> <span class='ocrx_word' id='word_1_208' title='bbox 497 3215 601 3288; x_wconf 90' lang='lat' dir='ltr'>esset,</span> <span class='ocrx_word' id='word_1_209' title='bbox 624 3207 771 3293; x_wconf 85' lang='lat' dir='ltr'>profecto</span> <span class='ocrx_word' id='word_1_210' title='bbox 794 3207 924 3273; x_wconf 89' lang='lat' dir='ltr'>Probus</span> <span class='ocrx_word' id='word_1_211' title='bbox 946 3229 1118 3293; x_wconf 90' lang='lat' dir='ltr'>perperam</span> <span class='ocrx_word' id='word_1_212' title='bbox 1142 3204 1182 3269; x_wconf 91' lang='lat' dir='ltr'>de</span> <span class='ocrx_word' id='word_1_213' title='bbox 1203 3204 1358 3291; x_wconf 88' lang='lat' dir='ltr'>Menippo</span> 
     </span>
     <span class='ocr_line' id='line_1_26' title="bbox 240 3306 1360 3397; baseline -0.005 -23"><span class='ocrx_word' id='word_1_214' title='bbox 240 3309 438 3397; x_wconf 88' lang='lat' dir='ltr'>scripsisset.</span> <span class='ocrx_word' id='word_1_215' title='bbox 494 3308 577 3373; x_wconf 81' lang='lat' dir='ltr'>Cum</span> <span class='ocrx_word' id='word_1_216' title='bbox 607 3332 688 3374; x_wconf 91' lang='lat' dir='ltr'>uero</span> <span class='ocrx_word' id='word_1_217' title='bbox 722 3332 848 3396; x_wconf 90' lang='lat' dir='ltr'>semper</span> <span class='ocrx_word' id='word_1_218' title='bbox 875 3348 919 3357; x_wconf 90' lang='lat'>—-</span> <span class='ocrx_word' id='word_1_219' title='bbox 946 3332 1036 3374; x_wconf 92' lang='lat' dir='ltr'>more</span> <span class='ocrx_word' id='word_1_220' title='bbox 1075 3306 1270 3373; x_wconf 89' lang='lat' dir='ltr'>scholastico</span> <span class='ocrx_word' id='word_1_221' title='bbox 1303 3307 1360 3370; x_wconf 88' lang='lat' dir='ltr'>ali-</span> 
     </span>
     <span class='ocr_line' id='line_1_27' title="bbox 240 3408 1359 3498; baseline -0.003 -23"><span class='ocrx_word' id='word_1_222' title='bbox 240 3411 372 3498; x_wconf 90' lang='lat' dir='ltr'>quando</span> <span class='ocrx_word' id='word_1_223' title='bbox 401 3410 500 3476; x_wconf 86' lang='lat' dir='ltr'>liceat</span> <span class='ocrx_word' id='word_1_224' title='bbox 527 3410 616 3498; x_wconf 93' lang='lat' dir='ltr'>loqui</span> <span class='ocrx_word' id='word_1_225' title='bbox 643 3414 735 3476; x_wconf 89' lang='lat' dir='ltr'>—is</span> <span class='ocrx_word' id='word_1_226' title='bbox 770 3412 827 3498; x_wconf 90' lang='lat' dir='ltr'>qui</span> <span class='ocrx_word' id='word_1_227' title='bbox 857 3410 981 3497; x_wconf 90' lang='lat' dir='ltr'>expolit</span> <span class='ocrx_word' id='word_1_228' title='bbox 1014 3408 1139 3495; x_wconf 90' lang='lat' dir='ltr'>aliquid</span> <span class='ocrx_word' id='word_1_229' title='bbox 1173 3408 1282 3495; x_wconf 87' lang='lat' dir='ltr'>aliqua</span> <span class='ocrx_word' id='word_1_230' title='bbox 1313 3431 1359 3489; x_wconf 88' lang='lat' dir='ltr'>re,</span> 
     </span>
     <span class='ocr_line' id='line_1_28' title="bbox 241 3510 1361 3599; baseline -0.004 -23"><span class='ocrx_word' id='word_1_231' title='bbox 241 3536 311 3577; x_wconf 90' lang='lat' dir='ltr'>rem</span> <span class='ocrx_word' id='word_1_232' title='bbox 334 3511 477 3599; x_wconf 88' lang='lat' dir='ltr'>aliquam</span> <span class='ocrx_word' id='word_1_233' title='bbox 499 3515 564 3577; x_wconf 90' lang='lat' dir='ltr'>iam</span> <span class='ocrx_word' id='word_1_234' title='bbox 586 3523 755 3579; x_wconf 86' lang='lat' dir='ltr'>extantem</span> <span class='ocrx_word' id='word_1_235' title='bbox 781 3513 847 3577; x_wconf 90' lang='lat' dir='ltr'>alia</span> <span class='ocrx_word' id='word_1_236' title='bbox 873 3534 910 3575; x_wconf 89' lang='lat' dir='ltr'>re</span> <span class='ocrx_word' id='word_1_237' title='bbox 931 3510 1081 3576; x_wconf 88' lang='lat' dir='ltr'>adhibita</span> <span class='ocrx_word' id='word_1_238' title='bbox 1109 3510 1305 3597; x_wconf 92' lang='lat' dir='ltr'>pulcriorem</span> <span class='ocrx_word' id='word_1_239' title='bbox 1328 3519 1361 3573; x_wconf 88' lang='lat' dir='ltr'>et</span> 
     </span>
     <span class='ocr_line' id='line_1_29' title="bbox 241 3611 1361 3701; baseline -0.004 -22"><span class='ocrx_word' id='word_1_240' title='bbox 241 3614 429 3698; x_wconf 76' lang='lat' dir='ltr'>nitidiorem</span> <span class='ocrx_word' id='word_1_241' title='bbox 453 3639 551 3701; x_wconf 88' lang='lat' dir='ltr'>quam</span> <span class='ocrx_word' id='word_1_242' title='bbox 576 3623 675 3680; x_wconf 88' lang='lat' dir='ltr'>antea</span> <span class='ocrx_word' id='word_1_243' title='bbox 696 3615 760 3679; x_wconf 86' lang='lat' dir='ltr'>fuit</span> <span class='ocrx_word' id='word_1_244' title='bbox 782 3613 910 3694; x_wconf 88' lang='lat' dir='ltr'>reddat,</span> <span class='ocrx_word' id='word_1_245' title='bbox 928 3613 1025 3676; x_wconf 87' lang='lat' dir='ltr'>nimis</span> <span class='ocrx_word' id='word_1_246' title='bbox 1048 3611 1157 3677; x_wconf 91' lang='lat' dir='ltr'>hercle</span> <span class='ocrx_word' id='word_1_247' title='bbox 1179 3614 1206 3676; x_wconf 89' lang='lat' dir='ltr'>is</span> <span class='ocrx_word' id='word_1_248' title='bbox 1229 3612 1361 3697; x_wconf 86' lang='lat' dir='ltr'>linguae</span> 
     </span>
     <span class='ocr_line' id='line_1_30' title="bbox 241 3713 1362 3804; baseline -0.004 -24"><span class='ocrx_word' id='word_1_249' title='bbox 241 3717 364 3781; x_wconf 88' lang='lat' dir='ltr'>latinae</span> <span class='ocrx_word' id='word_1_250' title='bbox 386 3716 529 3783; x_wconf 88' lang='lat' dir='ltr'>indolem</span> <span class='ocrx_word' id='word_1_251' title='bbox 557 3726 701 3804; x_wconf 83' lang='lat' dir='ltr'>torquet,</span> <span class='ocrx_word' id='word_1_252' title='bbox 730 3717 882 3803; x_wconf 83' lang='lat' dir='ltr'>quicum</span> <span class='ocrx_word' id='word_1_253' title='bbox 912 3714 992 3779; x_wconf 89' lang='lat' dir='ltr'>dicit</span> <span class='ocrx_word' id='word_1_254' title='bbox 1018 3738 1087 3780; x_wconf 91' lang='lat' dir='ltr'>rem</span> <span class='ocrx_word' id='word_1_255' title='bbox 1114 3713 1275 3801; x_wconf 88' lang='lat' dir='ltr'>expolire,</span> <span class='ocrx_word' id='word_1_256' title='bbox 1305 3714 1362 3799; x_wconf 92' lang='lat' dir='ltr'>qui</span> 
     </span>
     <span class='ocr_line' id='line_1_31' title="bbox 242 3814 1362 3901; baseline -0.005 -18"><span class='ocrx_word' id='word_1_257' title='bbox 242 3842 313 3883; x_wconf 90' lang='lat' dir='ltr'>rem</span> <span class='ocrx_word' id='word_1_258' title='bbox 346 3818 493 3882; x_wconf 91' lang='lat' dir='ltr'>nondum</span> <span class='ocrx_word' id='word_1_259' title='bbox 525 3818 632 3883; x_wconf 90' lang='lat' dir='ltr'>adhuc</span> <span class='ocrx_word' id='word_1_260' title='bbox 665 3828 832 3884; x_wconf 84' lang='lat' dir='ltr'>extantem</span> <span class='ocrx_word' id='word_1_261' title='bbox 863 3840 950 3882; x_wconf 90' lang='lat' dir='ltr'>nunc</span> <span class='ocrx_word' id='word_1_262' title='bbox 984 3817 1116 3882; x_wconf 92' lang='lat' dir='ltr'>demum</span> <span class='ocrx_word' id='word_1_263' title='bbox 1149 3814 1301 3901; x_wconf 89' lang='lat' dir='ltr'>producit</span> <span class='ocrx_word' id='word_1_264' title='bbox 1329 3824 1362 3878; x_wconf 88' lang='lat' dir='ltr'>et</span> 
     </span>
     <span class='ocr_line' id='line_1_32' title="bbox 242 3915 1361 4008; baseline -0.006 -23"><span class='ocrx_word' id='word_1_265' title='bbox 242 3920 357 3985; x_wconf 87' lang='lat' dir='ltr'>efficit.</span> <span class='ocrx_word' id='word_1_266' title='bbox 378 3915 529 3986; x_wconf 68' lang='lat' dir='ltr'>lProbus</span> <span class='ocrx_word' id='word_1_267' title='bbox 551 3922 654 4006; x_wconf 84' lang='lat' dir='ltr'>igitur</span> <span class='ocrx_word' id='word_1_268' title='bbox 660 3970 669 4003; x_wconf 96' lang='lat'>,</span> <span class='ocrx_word' id='word_1_269' title='bbox 700 3921 732 3985; x_wconf 93' lang='lat' dir='ltr'>id</span> <span class='ocrx_word' id='word_1_270' title='bbox 756 3944 815 4008; x_wconf 92' lang='lat' dir='ltr'>pro</span> <span class='ocrx_word' id='word_1_271' title='bbox 840 3930 929 3985; x_wconf 88' lang='lat' dir='ltr'>certo</span> <span class='ocrx_word' id='word_1_272' title='bbox 952 3919 1129 3983; x_wconf 87' lang='lat' dir='ltr'>tenendum</span> <span class='ocrx_word' id='word_1_273' title='bbox 1151 3926 1217 3998; x_wconf 89' lang='lat' dir='ltr'>est,</span> <span class='ocrx_word' id='word_1_274' title='bbox 1240 3916 1361 3979; x_wconf 89' lang='lat' dir='ltr'>Varro-</span> 
     </span>
     <span class='ocr_line' id='line_1_33' title="bbox 242 4015 1361 4109; baseline -0.006 -23"><span class='ocrx_word' id='word_1_275' title='bbox 242 4044 317 4086; x_wconf 89' lang='lat' dir='ltr'>nem</span> <span class='ocrx_word' id='word_1_276' title='bbox 346 4032 474 4087; x_wconf 88' lang='lat' dir='ltr'>saturas</span> <span class='ocrx_word' id='word_1_277' title='bbox 502 4022 671 4109; x_wconf 89' lang='lat' dir='ltr'>pedestres</span> <span class='ocrx_word' id='word_1_278' title='bbox 705 4023 906 4087; x_wconf 87' lang='lat' dir='ltr'>carminibus</span> <span class='ocrx_word' id='word_1_279' title='bbox 935 4043 1111 4086; x_wconf 84' lang='lat' dir='ltr'>exornasse</span> <span class='ocrx_word' id='word_1_280' title='bbox 1141 4020 1211 4082; x_wconf 91' lang='lat' dir='ltr'>siue</span> <span class='ocrx_word' id='word_1_281' title='bbox 1239 4015 1361 4102; x_wconf 90' lang='lat' dir='ltr'>expoli-</span> 
     </span>
     <span class='ocr_line' id='line_1_34' title="bbox 242 4116 1362 4211; baseline -0.005 -23"><span class='ocrx_word' id='word_1_282' title='bbox 242 4124 333 4188; x_wconf 90' lang='lat' dir='ltr'>uisse</span> <span class='ocrx_word' id='word_1_283' title='bbox 355 4123 470 4207; x_wconf 71' lang='lat' dir='ltr'>tradit,</span> <span class='ocrx_word' id='word_1_284' title='bbox 497 4123 551 4188; x_wconf 92' lang='lat' dir='ltr'>hic</span> <span class='ocrx_word' id='word_1_285' title='bbox 574 4136 624 4189; x_wconf 90' lang='lat' dir='ltr'>est</span> <span class='ocrx_word' id='word_1_286' title='bbox 651 4148 734 4189; x_wconf 90' lang='lat' dir='ltr'>unus</span> <span class='ocrx_word' id='word_1_287' title='bbox 764 4124 913 4211; x_wconf 88' lang='lat' dir='ltr'>quidem,</span> <span class='ocrx_word' id='word_1_288' title='bbox 943 4123 1002 4187; x_wconf 89' lang='lat' dir='ltr'>sed</span> <span class='ocrx_word' id='word_1_289' title='bbox 1029 4123 1141 4186; x_wconf 90' lang='lat' dir='ltr'>firmus</span> <span class='ocrx_word' id='word_1_290' title='bbox 1168 4116 1362 4203; x_wconf 68' lang='lat' dir='ltr'>&#39;stabilisque</span> 
     </span>
     <span class='ocr_line' id='line_1_35' title="bbox 244 4223 1355 4313; baseline -0.005 -23"><span class='ocrx_word' id='word_1_291' title='bbox 244 4248 288 4290; x_wconf 87' lang='lat' dir='ltr'>ex</span> <span class='ocrx_word' id='word_1_292' title='bbox 310 4225 507 4313; x_wconf 86' lang='lat' dir='ltr'>antiquitate</span> <span class='ocrx_word' id='word_1_293' title='bbox 529 4227 624 4292; x_wconf 89' lang='lat' dir='ltr'>testis</span> <span class='ocrx_word' id='word_1_294' title='bbox 647 4249 745 4291; x_wconf 88' lang='lat' dir='ltr'>uerae</span> <span class='ocrx_word' id='word_1_295' title='bbox 767 4226 1016 4312; x_wconf 89' lang='lat' dir='ltr'>Menippearum</span> <span class='ocrx_word' id='word_1_296' title='bbox 1037 4223 1166 4287; x_wconf 92' lang='lat' dir='ltr'>indolis.</span> <span class='ocrx_word' id='word_1_297' title='bbox 1353 4225 1355 4230; x_wconf 84' lang='grc'><strong>’</strong></span> 
     </span>
    </p>
   </div>
   <div class='ocr_carea' id='block_1_3' title="bbox 244 4383 448 4391">
    <p class='ocr_par' dir='ltr' id='par_1_3' title="bbox 244 4383 448 4391">
     <span class='ocr_line' id='line_1_36' title="bbox 244 4383 448 4391; baseline -0.015 0"><span class='ocrx_word' id='word_1_298' title='bbox 244 4384 334 4391; x_wconf 60' lang='lat' dir='ltr'>nu-——.</span> <span class='ocrx_word' id='word_1_299' title='bbox 341 4384 377 4389; x_wconf 79' lang='grc'>-...</span> <span class='ocrx_word' id='word_1_300' title='bbox 387 4383 416 4389; x_wconf 74' lang='lat'>...-</span> <span class='ocrx_word' id='word_1_301' title='bbox 427 4384 448 4389; x_wconf 85' lang='grc'>...</span> 
     </span>
    </p>
   </div>
   <div class='ocr_carea' id='block_1_4' title="bbox 243 4480 1362 4640">
    <p class='ocr_par' dir='ltr' id='par_1_4' title="bbox 243 4480 1362 4640">
     <span class='ocr_line' id='line_1_37' title="bbox 314 4480 1362 4552; baseline -0.01 -15"><span class='ocrx_word' id='word_1_302' title='bbox 314 4484 341 4552; x_wconf 85' lang='grc'>1)</span> <span class='ocrx_word' id='word_1_303' title='bbox 359 4485 490 4536; x_wconf 84' lang='lat' dir='ltr'>Mirabile</span> <span class='ocrx_word' id='word_1_304' title='bbox 515 4489 607 4536; x_wconf 86' lang='lat' dir='ltr'>autem</span> <span class='ocrx_word' id='word_1_305' title='bbox 631 4488 687 4549; x_wconf 87' lang='lat' dir='ltr'>est,</span> <span class='ocrx_word' id='word_1_306' title='bbox 715 4486 871 4550; x_wconf 87' lang='lat' dir='ltr'>Roeperum</span> <span class='ocrx_word' id='word_1_307' title='bbox 900 4499 961 4533; x_wconf 89' lang='lat' dir='ltr'>cum</span> <span class='ocrx_word' id='word_1_308' title='bbox 988 4480 1127 4546; x_wconf 87' lang='lat' dir='ltr'>poeticam</span> <span class='ocrx_word' id='word_1_309' title='bbox 1153 4480 1362 4545; x_wconf 88' lang='lat' dir='ltr'>Menippearum</span> 
     </span>
     <span class='ocr_line' id='line_1_38' title="bbox 243 4565 1362 4640; baseline -0.01 -16"><span class='ocrx_word' id='word_1_310' title='bbox 243 4571 379 4624; x_wconf 84' lang='lat' dir='ltr'>Varronis</span> <span class='ocrx_word' id='word_1_311' title='bbox 397 4571 519 4622; x_wconf 87' lang='lat' dir='ltr'>indolem</span> <span class='ocrx_word' id='word_1_312' title='bbox 536 4574 614 4620; x_wconf 91' lang='lat' dir='ltr'>tanto</span> <span class='ocrx_word' id='word_1_313' title='bbox 637 4571 727 4620; x_wconf 89' lang='lat' dir='ltr'>studio</span> <span class='ocrx_word' id='word_1_314' title='bbox 751 4569 898 4632; x_wconf 86' lang='lat' dir='ltr'>defendat,</span> <span class='ocrx_word' id='word_1_315' title='bbox 921 4566 1051 4631; x_wconf 85' lang='lat' dir='ltr'>Menippo</span> <span class='ocrx_word' id='word_1_316' title='bbox 1075 4566 1129 4631; x_wconf 86' lang='lat' dir='ltr'>ipsi</span> <span class='ocrx_word' id='word_1_317' title='bbox 1152 4565 1362 4640; x_wconf 22' lang='lat' dir='ltr'>solomanihilo-</span> 
     </span>
    </p>
   </div>
   <div class='ocr_carea' id='block_1_5' title="bbox 244 4656 1160 4801">
    <p class='ocr_par' dir='ltr' id='par_1_5' title="bbox 244 4656 1160 4801">
     <span class='ocr_line' id='line_1_39' title="bbox 244 4656 830 4723; baseline -0.007 -16"><span class='ocrx_word' id='word_1_318' title='bbox 244 4660 337 4707; x_wconf 85' lang='lat' dir='ltr'>minus</span> <span class='ocrx_word' id='word_1_319' title='bbox 354 4673 465 4723; x_wconf 91' lang='lat' dir='ltr'>prosam</span> <span class='ocrx_word' id='word_1_320' title='bbox 484 4656 626 4706; x_wconf 86' lang='lat' dir='ltr'>uindicare</span> <span class='ocrx_word' id='word_1_321' title='bbox 645 4656 664 4705; x_wconf 91' lang='lat' dir='ltr'>l.</span> <span class='ocrx_word' id='word_1_322' title='bbox 684 4672 707 4704; x_wconf 87' lang='lat' dir='ltr'>c.</span> <span class='ocrx_word' id='word_1_323' title='bbox 727 4672 752 4719; x_wconf 92' lang='lat' dir='ltr'>p.</span> <span class='ocrx_word' id='word_1_324' title='bbox 770 4656 830 4708; x_wconf 78' lang='lat'>421.</span> 
     </span>
     <span class='ocr_line' id='line_1_40' title="bbox 296 4741 1160 4801; baseline -0.016 -14"><span class='ocrx_word' id='word_1_325' title='bbox 296 4748 389 4798; x_wconf 71' lang='lat' dir='ltr'>Riese,</span> <span class='ocrx_word' id='word_1_326' title='bbox 406 4747 510 4787; x_wconf 85' lang='lat' dir='ltr'>Varronis</span> <span class='ocrx_word' id='word_1_327' title='bbox 525 4745 616 4788; x_wconf 77' lang='lat' dir='ltr'>Satisne.</span> <span class='ocrx_word' id='word_1_328' title='bbox 1141 4741 1160 4801; x_wconf 73' lang='lat'><strong>2</strong></span> 
     </span>
    </p>
   </div>
   <div class='ocr_carea' id='block_1_6' title="bbox 0 0 1802 5709">
    <p class='ocr_par' dir='ltr' id='par_1_6' title="bbox 0 0 1802 5709">
     <span class='ocr_line' id='line_1_41' title="bbox 0 0 1802 5709; baseline 0 0"><span class='ocrx_word' id='word_1_329' title='bbox 0 0 1802 5709; x_wconf 95' lang='lat' dir='ltr'> </span> 
     </span>
    </p>
   </div>
  </div>
 </body>
</html>
