3559 5709
745 726 872 783 CAPVT
903 727 914 781 l
1366 724 1387 788 3

264 886 383 950 ultima
415 887 484 949 eius
519 887 622 951 uerba
653 887 840 953 ostendunt.
896 889 979 953 Mihi
1011 890 1046 952 in
1074 889 1138 953 illis
1167 890 1247 976 ipsis
1277 893 1387 957 ‘etiarn

264 988 369 1074 prius'
392 987 598 1075 corruptelae
622 988 715 1052 sedes
739 1012 811 1053 esse
839 989 986 1072 uidetur,
1010 1013 1108 1077 quam
1132 992 1315 1059 certissimo
1338 1017 1386 1058 re—

264 1090 373 1155 medio
396 1112 448 1153 me
470 1112 586 1153 sanare
610 1113 806 1176 quamquam
829 1092 995 1157 affirmare
1018 1116 1083 1158 non
1106 1094 1222 1176 audeo,
1244 1096 1386 1181 aliquam

264 1202 375 1256 tamen
407 1191 649 1278 probabilitatis
689 1193 830 1279 speciem
862 1194 984 1259 habere
1017 1206 1114 1282 puto,
1154 1206 1191 1260 ut
1225 1198 1387 1262 scribatur

266 1295 378 1357 ‘etiam
399 1294 538 1357 uerius
563 1294 684 1357 satirae
707 1316 810 1378 genus
835 1306 872 1359 et
898 1320 964 1360 non
987 1294 1057 1360 sola
1079 1297 1257 1361 carminum
1279 1301 1385 1364 uarie-

264 1405 334 1459 tate
355 1395 524 1477 mixtum'3
549 1394 694 1459 alludere
717 1396 803 1460 enim
819 1396 1060 1477 Quintilianum
1082 1399 1125 1462 ad
1140 1410 1272 1464 saturae
1293 1405 1385 1465 uocis

266 1495 489 1561 definitionem
512 1498 598 1561 inter
619 1508 747 1562 ueteres
770 1499 836 1562 iam
860 1498 1077 1583 diuulgatam,
1101 1523 1166 1586 qua
1189 1500 1231 1563 ad
1253 1510 1385 1566 saturae

264 1598 369 1681 lancis
392 1598 539 1685 legisque
562 1599 811 1664 similitudinem
832 1600 895 1666 hoc
910 1600 1090 1687 principale
1106 1602 1139 1665 in
1156 1613 1269 1681 satura
1285 1603 1385 1669 duxe-

265 1710 359 1782 runt,
392 1710 430 1764 ut
464 1701 598 1764 diuersa
629 1700 678 1765 ibi
713 1702 928 1766 miscerentur
960 1703 1152 1789 uultumque
1184 1706 1257 1791 ipsa
1289 1728 1385 1792 quam

264 1802 408 1867 maxime
422 1803 552 1865 uarium
568 1813 600 1867 et
623 1802 836 1889 multiplicem
857 1805 1070 1892 praeberet.¹)
1102 1804 1199 1885 Quod
1221 1808 1385 1893 quomodo

266 1906 302 1968 in
324 1904 486 1969 Varronis
510 1905 630 1969 saturis
659 1905 764 1990 magis
793 1906 893 1970 etiarn
921 1917 1018 1993 atque
1044 1909 1079 1970 in
1106 1906 1239 1993 reliquis
1262 1907 1385 1974 tactum

266 2008 319 2088 sit,
343 2029 420 2072 mox
445 2004 632 2071 declarabo.
676 2006 801 2070 Verum
828 2017 904 2074 utut
932 2008 972 2072 de
999 2011 1061 2072 hac
1087 2010 1276 2074 coniectura
1303 2010 1385 2074 iudi-

266 2107 408 2173 candum
431 2117 496 2189 est,
527 2107 642 2173 saltem
665 2108 760 2172 Fabii
787 2109 889 2173 uerba
912 2108 1021 2195 qualia
1043 2110 1197 2194 leguntur
1224 2134 1289 2177 non
1311 2134 1385 2176 con·

267 2213 375 2276 cinere
397 2210 527 2275 ostendi
551 2219 583 2273 et
604 2213 785 2275 mutatione
808 2221 889 2297 opus
913 2233 1000 2294 esse3
1022 2234 1128 2298 neque
1151 2213 1330 2300 quidquam
1344 2236 1387 2261 -ι

266 2313 303 2377 id
330 2311 418 2399 quod
444 2299 512 2375 hac'
535 2311 757 2399 disputatione
787 2312 953 2378 declarare
981 2314 1071 2377 uolui
1096 2353 1139 2362 —
1166 2314 1255 2401 apud
1284 2316 1385 2396 Quin·

256 2415 417 2480 ·tilianum
439 2412 543 2477 auxili
565 2414 713 2492 inuenire
735 2423 844 2500 potest
865 2437 904 2479 ea
926 2415 1091 2499 opinatio,
1115 2439 1180 2502 qua
1201 2418 1386 2481 Ennianam

266 2517 575 2601 Varronianamque
598 2525 744 2579 saturam
766 2518 800 2580 in
822 2506 922 2579 unani
944 2516 1016 2602 quis
1040 2516 1242 2582 confundere
1263 2519 1354 2585 uelit.

330 2604 434 2683 Porro
458 2616 681 2698 Quintilianus
705 2618 864 2682 Varronis
887 2640 990 2703 genus
1013 2624 1091 2684 ‘non
1114 2619 1184 2683 sola
1206 2621 1386 2685 carminum

266 2721 428 2789 uarietate
455 2719 607 2783 mixtum’
638 2718 741 2783 fuisse
770 2719 861 2783 dicit.
913 2720 986 2799 Quo
1019 2722 1054 2784 in
1086 2720 1157 2787 loco
1191 2720 1386 2808 explicando

266 2824 386 2887 mirum
414 2814 573 2907 quantum
598 2820 744 2885 uirorum
774 2821 945 2886 doctorum
974 2822 1154 2887 sententiae
1189 2823 1386 2909 discrepant.

268 2925 475 3010 Quamquam
503 2922 600 2986 aliter
627 2923 684 2985 uix
711 2923 817 3008 potuit
844 2923 976 2986 euenire
982 2971 991 3005 ,
1019 2924 1078 2987 ubi
1100 2946 1164 2988 uon
1192 2946 1234 2987 ex
1258 2925 1386 3005 Quinti-

267 3027 346 3089 liani
372 3026 483 3089 uerbis
512 3024 570 3088 sed
594 3047 611 3088 e
639 3024 800 3088 Varronis
821 3022 973 3109 ¹reliquiis
1001 3023 1107 3088 lucem
1133 3025 1385 3111 requisiuerunt,

267 3128 507 3192 sententiarum
529 3124 618 3212 apud
633 3127 742 3211 ipsum
765 3126 959 3211 scriptorem
982 3146 1144 3190 conexum
1166 3126 1385 3213 neglegentes.

267 3232 333 3296 Via
355 3229 441 3293 enim
464 3251 502 3292 ac
522 3229 647 3292 ratione
669 3227 923 3314 procedentibus
946 3228 994 3292 ita
1017 3228 1253 3299 exordiendum
1275 3241 1334 3308 est,
1350 3240 1388 3295 ut

268 3354 343 3395 cum
372 3330 497 3396 Fabius
531 3331 594 3394 hoc
626 3339 782 3414 tanquam
819 3331 948 3414 signum
980 3340 1155 3416 notamque
1187 3326 1402 3396 Varroniani'

267 3433 395 3518 generis
418 3431 582 3518 posuerit,
611 3452 688 3495 non
710 3429 797 3495 sola
826 3454 898 3495 esse
921 3434 1101 3495 carminum
1122 3432 1282 3496 uarietate
1304 3434 1386 3496 mix·

267 3544 350 3615 tum,
373 3533 559 3598 necessario
582 3532 660 3596 inde
683 3533 837 3618 consequi
859 3532 1011 3613 uideant,
1040 3543 1077 3597 ut
1104 3532 1241 3596 alterum
1263 3532 1345 3597 illud
1368 3556 1388 3596 a

267 3633 556 3722 Lucilio-aliisque
579 3632 703 3698 cultum
726 3657 839 3719 genus
858 3634 1029 3722 quodiam
1051 3645 1128 3698 ante
1143 3634 1387 3699 Varronianum

270 3736 469 3823 descriptum
498 3746 566 3816 est,
596 3734 684 3800 sola
711 3737 893 3799 carminum
913 3736 1074 3801 uarietate
1102 3736 1203 3800 fuerit
1229 3738 1387 3822 composi-

268 3849 347 3903 tum.
386 3837 484 3917 Quod
507 3859 550 3900 an
572 3848 604 3902 et
627 3838 789 3923 quomodo
811 3838 937 3902 factum
958 3838 1001 3902 sit
1023 3848 1059 3901 ut
1086 3838 1189 3924 probe
1212 3839 1387 3924 perspicia-

268 3950 339 4021 tur,
367 3938 541 4002 Luciliana
568 3938 711 4024 primum
739 3950 850 4004 satura
876 3940 990 4026 paucis
1019 3938 1236 4004 describenda
1263 3948 1329 4021 est3
1358 3939 1388 4001 ei

268 4052 379 4105 tamen
388 4031 452 4126 ipsi
462 4062 528 4104 non
542 4041 590 4105 rei
605 4040 801 4105 necessitate
812 4042 1008 4105 constrictus
1025 4039 1083 4103 sed
1098 4039 1241 4126 quadam
1256 4039 1388 4103 licentia

176 4219 178 4222 .
269 4142 454 4229 expatians,
471 4164 545 4205 cum
559 4134 753 4207 Diomedem
769 4143 834 4205 iam
849 4142 889 4205 de
905 4164 944 4205 ea
959 4142 1173 4206 disserentem
1188 4140 1386 4222 induxerim,

271 4243 313 4308 de
327 4244 480 4308 Enniana
495 4264 622 4330 quoque
638 4255 753 4308 satura
767 4241 910 4328 paucula
924 4265 1006 4328 quae
1022 4244 1142 4306 scimus
1165 4241 1386 4328 praemittam.

271 4386 277 4391 .
288 4384 475 4391 ...mn—.—

339 4484 365 4551 1)
384 4483 510 4535 Eandem
533 4486 696 4535 sententiam
721 4489 883 4535 consecutus
908 4487 951 4533 est
974 4482 1150 4547 Spaldingius
1172 4482 1206 4532 ad
1230 4483 1256 4534 l1.
1276 4484 1294 4533 l.
1313 4486 1388 4533 coni-

271 4569 364 4620 ciendo
383 4570 554 4635 ‘proprium’,
575 4569 623 4619 sed
646 4568 673 4618 id
691 4572 719 4618 et
742 4571 830 4634 ipsum
849 4586 866 4617 a
883 4568 987 4617 litteris
1010 4568 1100 4616 minus
1124 4567 1340 4630 commendatur,
1360 4573 1389 4617 et

270 4655 334 4704 uoci
352 4655 460 4704 ‘etiarn'
480 4654 568 4703 locum
588 4654 690 4703 nullum
709 4654 848 4717 relinquit.
