3559 5709
758 693 1076 760 ΑΝΘΡΩΠΟΠΟΛΙ(
1411 698 1471 761 103

727 872 1081 942 ΑΝΘΡΩΠΟΠΟΛΙΕ

630 1014 634 1020 .
726 979 825 1067 [Περὶ
854 983 1090 1068 γενεθλιακῆς]

429 1158 605 1271 Vulgdque
627 1206 746 1249 auarus
770 1084 1017 1272 fonerltdl)sps
1040 1186 1122 1250 lucri

430 1284 512 1350 Rern
535 1285 709 1371 scriptione
732 1284 928 1372 driplicarat.

429 1520 504 1585 Non
526 1520 564 1584 fit
586 1519 758 1601 thesauris
782 1420 1082 1607 nonlddlrd)pdctu'
1106 1522 1271 1604 soldtum3

428 1621 502 1685 Non
526 1621 665 1710 demunt·
683 1622 797 1687 animis
822 1625 917 1686 curius
941 1646 979 1688 ac
1002 1622 1188 1708 relligidnes
1569 1701 1574 1709 ¹

428 1722 604 1787 Persarum
626 1726 767 1805 montes,
790 1747 856 1790 non
879 1724 965 1788 atria
987 1724 1093 1790 diuiti’
1117 1723 1241 1789 Ordssi.
1480 1738 1499 1795 5

335 1943 440 2007 Dotis
464 1941 543 2006 dato
566 1940 707 2006 insuldm
729 1841 901 2027 Chrysdrld,
921 1843 1040 2027 ligram
1063 1943 1263 2026 Caecubum,
1287 1942 1429 2031 sepldsia
1463 1976 1466 1981 ·

338 2044 488 2129 Capuae,
510 2040 683 2108 macellum
705 2042 848 2108 Rdmuli.
1474 2084 1477 2088 -

409 2213 710 2265 ΑΝΘΡΩΠΟΠΟΑΙΟ
738 2214 801 2265 Hoc
818 2215 928 2266 nomine
946 2215 1075 2265 mundum
1093 2215 1150 2266 dici
1168 2216 1303 2267 Oehlerus
1315 2217 1393 2267 uidit.
1411 2220 1463 2270 Fa-

336 2288 401 2333 teor
413 2287 506 2333 tamen
518 2298 561 2331 me
579 2282 688 2333 nescire
707 2286 735 2333 et
753 2282 818 2346 quid
836 2282 975 2348 significet
991 2282 1041 2333 ille
1060 2285 1107 2347 qui
1123 2280 1202 2349 περὶ
1219 2285 1465 2352 revestiendis

339 2350 464 2413 addidit,
487 2354 515 2399 et
539 2364 656 2415 quonam
680 2365 741 2399 curn
769 2354 880 2400 saturae
908 2355 1069 2416 argumento
1097 2367 1204 2401 conexu
1230 2353 1402 2417 fragmenta,
1428 2354 1463 2404 ad

339 2418 492 2469 auaritiam
516 2418 608 2467 omnia
632 2418 691 2467 fere
716 2420 887 2483 spectantia,
912 2419 1090 2471 cohaereant.
1128 2412 1378 2483 Ἀνθρωποιΐαι
1396 2422 1464 2471 Tur-

337 2486 427 2537 nebus
445 2484 512 2535 XXI
529 2488 572 2544 20.
601 2477 885 2551 'Arboduouo'rur
904 2474 924 2552 ἢ
940 2484 1020 2550 περὶ
1043 2484 1217 2552 γενεθλῆς
1239 2487 1312 2537 idem
1329 2487 1421 2538 XXIX
1437 2492 1461 2539 2.

332 2545 415 2605 ’Ἇνω
432 2551 590 2616 ποταμοί
609 2553 705 2603 Iunius
730 2553 868 2605 animadu.
891 2570 920 2619 p.
938 2555 1000 2616 262;
1020 2554 1068 2618 qui
1089 2555 1118 2604 in
1142 2555 1183 2605 ed.
1202 2556 1273 2605 Non.
1291 2555 1402 2606 titulum
1420 2572 1463 2605 re-

338 2622 442 2672 stituit.
504 2620 722 2682 INonius174,
748 2623 779 2671 15
808 2621 1017 2687 ‘Scriptione
1044 2638 1094 2688 pro
1116 2624 1263 2687 scriptura.
1299 2623 1387 2673 Varro
1407 2614 1461 2675 'Av-

337 2681 563 2753 darorroraorr'riisa
580 2684 646 2758 usal
664 2687 856 2753 γενεθλιακῆς
881 2688 1148 2754 (ανθρωποποαι
1166 2691 1234 2741 LW.
1258 2690 1462 2755 περιτεθλι-

337 2755 441 2814 drusr
464 2756 487 2804 L
512 2757 827 2820 περγενεολιαικες
848 2758 970 2819 W)...’
1006 2755 1127 2822 Scriptio
1151 2762 1195 2809 est
1217 2759 1390 2824 syngrapha,
1418 2762 1463 2809 cui

337 2825 389 2889 qui
405 2823 557 2874 subscribit
573 2824 721 2887 pecuniam
740 2840 757 2873 a
775 2825 933 2875 feneratore
956 2840 987 2875 se
1011 2827 1157 2891 accepisse
1179 2830 1307 2879 testatur.
1362 2828 1390 2876 H
1407 2828 1461 2877 No-

336 2891 524 2953 nius·379,8
548 2890 703 2955 ‘Religio
727 2896 816 2941 metus
843 2892 889 2941 uel
912 2892 1078 2942 sollicitudo.
1119 2895 1207 2944 Varro
1232 2885 1462 2953 Ἄνθρωποπόλει

338 2958 620 3023 (adduceremur
639 2959 683 3009 W.
708 2973 972 3025 ανοροτιογγοαι
991 2958 1032 3025 L)
1055 2957 1120 3023 περὶ
1143 2960 1335 3026 cavellicensis
1353 2962 1462 3027 lycus·
1522 2980 1528 2995 ²
1553 2967 1582 3027 -j,
1621 2974 1623 3013 ἲ

336 3028 496 3091 &arduus
518 3026 562 3078 W.
585 3026 848 3093 τενεθαιαισην
873 3027 986 3090 L)...’
1024 3027 1069 3079 cf.
1094 3028 1210 3077 Plautus
1236 3030 1351 3084 Ml
1376 3033 1404 3092 1,
1427 3033 1461 3079 24
1530 3040 1572 3071 ..u

336 3095 498 3144 ‘Persarum
521 3094 624 3145 Montis
647 3095 695 3158 qui
719 3110 780 3145 esse
806 3097 882 3145 aurei
907 3094 1104 3160 perhibentur’.
1162 3096 1204 3145 III
1227 3096 1332 3146 Nonius
1350 3099 1409 3161 226,
1429 3100 1461 3147 14

335 3336 417 3392 sibus
438 3335 561 3390 testibus.
598 3332 657 3391 Sed
675 3332 745 3390 Mss.
763 3335 898 3392 Merces
919 3354 975 3409 mu.
991 3336 1058 3393 Iun.
1093 3337 1250 3411 pertuderis
1270 3337 1407 3394 exhibere
1427 3340 1460 3395 li·

335 3422 423 3493 quide
445 3417 598 3491 affirmare
622 3434 756 3491 possum,
784 3437 876 3491 quare
896 3424 927 3478 in
955 3423 993 3477 W
1010 3437 1122 3493 quoque
1141 3422 1296 3494 pertuderis
1321 3428 1460 3478 calaree

333 3505 448 3561 silentio
463 3505 621 3560 collationis
635 3519 716 3560 meae
730 3508 902 3562 concludere
918 3509 1015 3563 audeo.
1062 3506 1215 3579 pertuderis
1236 3510 1321 3563 etiam
1335 3508 1367 3572 L,
1384 3507 1459 3563 Bar-

335 3603 442 3645 ncnses
456 3594 489 3643 ut
503 3591 618 3645 uidetur
638 3592 695 3645 duo
721 3591 878 3663 pcrcuderis
894 3592 1007 3647 Aldina.
1051 3591 1200 3665 perculeris
1221 3590 1324 3647 Iunius
1341 3585 1354 3670 Η
1371 3592 1460 3648 reddit

337 3673 480 3731 Oedlarus
494 3665 507 3753 Η
529 3674 756 3745 Aristophaneus
770 3672 933 3732 Meinelcius
949 3693 982 3747 p.
999 3679 1049 3731 737
1069 3678 1215 3732 inuenisse
1233 3676 1289 3731 sibi
1301 3679 1383 3733 uisus
1408 3684 1458 3741 est,

333 3759 487 3815 scribendo
501 3760 563 3814 siue
579 3759 743 3833 quandoque
758 3762 819 3816 siue
834 3769 964 3835 arctoque
981 3753 995 3840 Η
1042 3764 1055 3813 1
1079 3761 1217 3817 fenerator
1239 3761 1277 3817 W
1288 3780 1325 3819 m.
1338 3779 1388 3833 pr.
1417 3762 1457 3818 le-

334 3849 449 3899 ucrator
468 3843 539 3899 LW
555 3860 591 3897 m.
617 3859 674 3901 sec.
700 3836 711 3923 ΗΗ
737 3843 866 3916 fortasse
901 3846 1054 3920 belgasque
1080 3846 1197 3902 auarus?
1229 3844 1270 3917 cf.
1299 3848 1394 3919 Ocloy.
1415 3847 1458 3902 111.

335 3928 446 3998 Sacay.
462 3926 505 3987 XV
521 3920 525 4008 Η
559 3926 667 3984 Versus
680 3930 826 3985 coustituit
842 3929 981 3987 Oenlerus
1005 3924 1018 4008 Η
1069 3934 1085 3986 3
1107 3932 1264 3987 thensauris
1280 3932 1311 3987 L.
1328 3948 1365 3987 m.
1376 3948 1425 4002 pri
1444 3923 1456 4008 Η

333 4018 434 4088 pectus
448 4011 518 4068 LW
539 4006 544 4091 Η
563 4029 617 4068 non
638 4015 711 4070 auris
727 4013 840 4070 demunt
856 4012 958 4090 (demut
980 4016 1019 4071 W
1042 4017 1173 4072 demuunt
1187 4015 1210 4070 L
1226 4033 1261 4070 m.
1274 4014 1336 4086 pr.)
1358 4016 1456 4071 animis

333 4097 406 4153 LW
426 4088 438 4174 Η
489 4102 506 4150 4
527 4097 677 4172 religiones
692 4098 762 4154 LW
780 4091 793 4176 Η
818 4116 873 4155 non
896 4100 1008 4156 demunt
1028 4102 1125 4156 animis
1149 4099 1254 4156 Iunius
1270 4092 1282 4177 Η
1304 4097 1399 4174 pectu'
1418 4129 1454 4140 -

332 4200 391 4239 non
412 4182 507 4238 animis
528 4182 640 4239 demunt
663 4184 874 4255 -relligiones
892 4215 928 4225 -
946 4184 1040 4241 diuiti'
1063 4184 1192 4257 Scaliyer
1211 4185 1297 4239 catal.
1317 4200 1346 4255 p.
1368 4187 1419 4238 233

331 4272 350 4322 5
376 4267 475 4323 diuites
499 4267 570 4322 LW
593 4261 605 4344 Η
636 4267 729 4325 Croesi
750 4268 937 4326 Camerarius
961 4287 1008 4342 ap.
1030 4270 1107 4340 Lips.
1134 4270 1227 4340 epistt.
1250 4268 1425 4339 quaestio

332 4352 533 4409 Henametros
547 4355 672 4409 restituit
692 4354 796 4409 Iunius
812 4347 824 4432 Η
869 4357 886 4408 6
908 4356 966 4410 doti
981 4344 1086 4410 Aldina
1102 4348 1116 4432 Η
1133 4352 1248 4410 insolam
1262 4346 1363 4431 ΝΗ
1385 4354 1455 4410 chri-

331 4454 392 4495 sam
420 4436 458 4489 W
468 4453 504 4491 m.
523 4453 571 4508 pr.
601 4440 703 4493 chriam
727 4439 765 4494 W
776 4455 811 4495 ru.
827 4454 883 4496 sec.
900 4440 932 4495 L.
954 4439 1050 4496 Chium
1065 4438 1170 4494 Aldina
1199 4438 1327 4511 Chrysam
1341 4437 1454 4494 Merce-

329 4538 388 4579 rus
404 4512 417 4599 Η
433 4521 565 4579 accubum
579 4523 650 4578 LW
668 4524 818 4580 Caecubum
840 4523 945 4580 Aldina
962 4516 975 4601 Η
999 4523 1137 4579 Senarios
1153 4522 1253 4579 lunius
1267 4530 1295 4579 et
1305 4524 1359 4597 qui
1372 4522 1455 4597 Chry·

330 4623 392 4665 sam
408 4606 524 4663 insulam
545 4608 645 4664 ordine
666 4609 783 4665 inuersa
801 4609 884 4681 ponit
898 4610 1026 4683 Lunyius
1040 4614 1160 4682 quaesit.
1176 4611 1260 4665 metr.
1274 4624 1303 4680 p.
1319 4611 1352 4662 40
1373 4610 1453 4665 insti-
