3559 5709
329 694 372 757 24
805 697 935 753 csl‘vr
957 696 966 751 1

331 865 417 951 piter
439 862 645 948 Tragoedus,
669 884 764 949 quem
786 861 929 947 priorem
951 861 1067 940 affero,
1096 881 1170 923 cum
1192 867 1331 924 externa
1352 859 1451 946 quasi

330 967 415 1031 faeie
437 964 567 1029 illarum
591 987 626 1028 se
649 962 788 1027 similem
809 963 875 1026 iam
897 962 1016 1048 prodit,
1038 962 1190 1026 uersibus
1212 962 1353 1026 sermoni
1375 983 1449 1047 pro·

332 1068 418 1133 sario
449 1067 596 1148 insertis,
627 1064 801 1152 paroemiis
833 1063 969 1146 adlatis,
998 1063 1135 1128 aliorum
1158 1064 1354 1150 scriptorum
1377 1085 1450 1127 sen-

331 1170 443 1234 tentiis
465 1168 652 1255 usurpatis,
676 1178 743 1231 tum
767 1166 909 1232 indolem
933 1188 1009 1231 vere
1030 1165 1255 1253 Menippeam,
1286 1187 1385 1252 quam
1409 1186 1451 1229 ex

330 1271 395 1335 illis
425 1271 523 1336 rebus
552 1272 618 1335 iam
645 1269 720 1334 licet
749 1268 928 1355 suspicari,
962 1268 1082 1354 optime
1109 1267 1274 1334 inlustrat.
1319 1267 1452 1354 Quippe

330 1373 413 1439 liber
440 1373 483 1438 ad
511 1372 775 1460 superstitionem
809 1368 983 1435 delendam
1005 1371 1208 1457 conscriptus
1231 1392 1337 1457 neque
1359 1378 1453 1434 recta

332 1476 425 1562 quasi
459 1476 516 1539 nia
545 1474 653 1561 ipsiue
689 1484 819 1539 tantum
852 1472 900 1538 rei
932 1474 1077 1539 intentus
1115 1472 1321 1559 propositum
1355 1492 1453 1535 suum

332 1586 476 1642 sectatur
498 1598 602 1662 neque
624 1574 686 1640 hoc
707 1577 816 1661 ipsum
838 1576 959 1661 apertis
980 1596 1119 1660 usquam
1134 1574 1245 1640 uerbis
1267 1573 1454 1660 profitetur,

333 1678 391 1743 sed
412 1677 523 1743 multis
546 1677 626 1743 iocis
650 1675 794 1761 legentes
818 1676 968 1741 diuinare
989 1677 1095 1761 magis
1118 1675 1215 1758 facit,
1238 1682 1302 1763 quo
1325 1676 1455 1741 tendat.

332 1781 405 1845 Hoc
427 1803 555 1867 quoque
577 1778 807 1864 grauissimum
827 1779 911 1844 inibi
932 1778 1127 1865 Menippeae
1148 1779 1285 1844 rationis
1307 1778 1455 1843 testimo-

333 1883 424 1946 nium
436 1904 588 1967 agnosco,
606 1881 694 1969 quod
710 1882 795 1946 actio
811 1880 972 1969 quaedam
988 1903 1047 1968 per
1061 1890 1167 1947 totum
1181 1880 1301 1946 librum
1315 1880 1456 1965 geritur,

334 1985 421 2069 quod
436 2008 539 2071 genus
553 1986 589 2047 in
600 1984 738 2049 Luciani
748 1982 843 2049 libris
859 1982 1041 2071 permultis,
1057 1985 1090 2047 in
1105 1984 1328 2049 Romanorum
1343 1990 1458 2047 autem

335 2087 445 2152 satiris
473 2108 556 2172 quae
584 2096 699 2151 extant
726 2108 791 2150 non
819 2109 919 2173 saepe
954 2086 1136 2170 inuenitur3
1170 2085 1459 2150 Varronianarum

334 2197 443 2252 autem
465 2197 499 2253 et
518 2187 745 2274 inscriptiones
770 2197 802 2252 et
823 2188 1008 2272 fragmenta
1029 2210 1187 2274 persaepe
1216 2209 1254 2252 eo
1281 2186 1457 2268 inducunt,

334 2300 372 2355 ut
394 2289 480 2375 quod
502 2298 683 2355 monstrare
705 2289 847 2356 uoluerit
862 2290 1001 2376 scriptor
1015 2290 1202 2354 narratione
1222 2288 1394 2353 cuiusdam
1408 2287 1460 2352 rei

335 2401 447 2476 gestae
463 2415 536 2458 eum
552 2394 646 2478 quasi
661 2391 790 2457 uelasse
805 2390 990 2455 credamus.
1027 2392 1165 2456 Accedit
1185 2391 1326 2457 fortasse
1347 2389 1461 2455 forma

334 2492 438 2559 libelli
460 2495 515 2580 qui
538 2503 668 2559 constat
691 2494 839 2579 dialogo,
863 2516 960 2580 quam
984 2516 1057 2557 oum
1078 2494 1243 2559 Lucienus
1267 2492 1461 2558 adhibuerit

337 2596 545 2681 saepissime,
568 2597 603 2658 in
624 2595 786 2659 Varronis
810 2618 939 2682 quoque
961 2596 1109 2683 reliquiis
1132 2619 1198 2662 non
1221 2596 1360 2662 obscure
1384 2617 1461 2659 eam

337 2696 638 2762 animaduertimus
683 2697 851 2762 Summum
877 2720 956 2761 uero
984 2706 1050 2780 est,
1083 2709 1120 2763 ut
1148 2698 1236 2782 dixi,
1265 2696 1353 2784 quod
1384 2717 1460 2783 pro·

336 2800 479 2885 positum
508 2822 618 2882 suum,
653 2798 787 2865 deorum
818 2798 942 2864 cultum
971 2822 1043 2864 esse
1071 2798 1262 2883 ridiculum,
1296 2820 1363 2862 non
1391 2807 1462 2862 tam

293 2951 295 2955 -
338 2901 431 2966 seriis
462 2901 661 2985 argumentis
690 2922 787 2987 quam
821 2900 973 2966 ludibriis
1000 2900 1202 2968 multimodis
1231 2901 1461 2967 demonstrare

337 3004 546 3088 aggreditur,
576 3024 773 3090 quamquam
795 3026 901 3090 neque
930 3001 987 3067 illa
1008 3004 1041 3066 in
1065 3003 1129 3067 fine
1150 3002 1225 3068 libri
1248 3003 1379 3067 omnino
1402 3002 1478 3072 ab·.

339 3117 415 3170 sunt
459 3106 507 3170 ita
529 3114 638 3169 tamen
660 3105 740 3169 iocis
769 3104 933 3187 inuoluta,
968 3115 1004 3170 ut
1032 3105 1300 3188 σπουδογελοίου
1328 3105 1461 3190 generis

338 3206 434 3294 quale
448 3207 484 3270 in
497 3206 681 3292 Menippeis
699 3204 911 3271 excolebatur
933 3209 1118 3295 exemplum
1141 3209 1248 3294 aptius
1271 3208 1330 3271 uix
1351 3206 1463 3293 possis

341 3306 520 3393 cogitare¹)
557 3308 742 3394 optimeque
774 3330 816 3371 ex
845 3308 908 3373 hoo
936 3308 1007 3374 loco
1045 3310 1127 3373 disci
1156 3310 1262 3395 possit
1293 3308 1371 3396 quid
1394 3308 1463 3374 sibi

247 3414 251 3426 ’
338 3411 418 3475 uelit
445 3409 503 3474 illa
531 3432 628 3497 quam
656 3409 771 3475 Cicero
800 3408 821 3474 l.
844 3432 872 3474 c.
901 3410 936 3473 in
958 3410 1174 3475 Varronianis
1203 3411 1328 3475 inuenit
1356 3408 1463 3496 philo·

340 3513 455 3598 sophia
477 3511 586 3576 multis
609 3510 690 3577 locis
713 3511 867 3576 incohata
894 3517 951 3576 ‘ad
972 3517 1183 3592 impellendum
1205 3519 1295 3594 satis,
1325 3518 1369 3576 ad
1390 3518 1463 3577 eda

339 3619 466 3679 cendam
477 3620 615 3693 parum'.
649 3613 742 3678 Haec
757 3615 865 3680 omnia
887 3616 922 3677 in
937 3614 1077 3679 alterum
1092 3637 1220 3701 quoque
1243 3636 1339 3701 quem
1360 3613 1463 3698 signi·

340 3715 437 3779 ficaui
458 3715 597 3779 Luciani
620 3714 776 3798 libellum,
800 3717 1097 3804 Icaromenippum,
1121 3718 1261 3799 cadunt,
1284 3716 1350 3780 nisi
1371 3715 1465 3803 quod

339 3818 387 3884 ibi
411 3818 550 3903 scriptor
572 3818 775 3904 propositum
799 3841 903 3901 suum,
925 3818 1135 3905 philosophos
1159 3842 1231 3884 esse
1253 3828 1463 3884 contemnen-

341 3920 401 3989 dos
425 3918 685 4006 abolendosque,
714 3920 748 3983 in
771 3921 835 3985 fine
864 3931 976 4007 aperte
998 3922 1137 4003 indicat,
1170 3922 1322 4008 quodque
1344 3941 1463 3984 uersus

340 4022 491 4109 proprios
515 4021 557 4087 ab
580 4022 640 4087 hoc
663 4022 747 4088 libro
777 4023 919 4109 scriptor
946 4022 1095 4107 seclusit,
1123 4045 1161 4088 eo
1189 4034 1299 4089 tamen
1326 4021 1466 4107 propior

340 4124 524 4212 Menippeis
554 4133 620 4205 est,
649 4124 735 4209 quod
764 4134 873 4209 partes
904 4124 939 4187 in
961 4124 1023 4189 hoc
1045 4123 1130 4190 libro
1153 4124 1278 4211 primae
1300 4121 1383 4186 nulli
1406 4121 1464 4186 alii

342 4225 486 4291 tributae
508 4234 586 4290 sunt
608 4247 707 4311 quam
728 4225 883 4311 Menippo
908 4227 981 4313 ipsi.
1027 4226 1133 4307 Quem
1155 4226 1277 4292 librum
1290 4222 1462 4289 Vahlenus

412 4396 439 4463 l]
458 4399 490 4449 ld
509 4414 595 4465 genus
615 4414 675 4449 eum
695 4398 818 4449 consulto
837 4399 890 4449 sibi
910 4400 1059 4465 sumpsisse
1073 4400 1253 4450 excolendum
1271 4400 1330 4465 ipse
1350 4397 1421 4447 dicit
1433 4398 1462 4447 in

343 4482 440 4533 libello
460 4484 504 4533 cui
522 4484 665 4550 inscripsit
688 4484 736 4533 ‘In
755 4484 907 4534 dicentem:
932 4485 1111 4535 Prometheus
1131 4500 1160 4535 es
1183 4485 1212 4533 in
1231 4483 1355 4545 uerbis',
1384 4483 1464 4531 cuius

344 4582 405 4632 cap.
425 4568 439 4617 7
462 4569 599 4619 neminem
617 4570 646 4618 in
666 4585 697 4620 eo
716 4585 818 4634 genere
837 4570 891 4619 sibi
915 4571 1102 4634 praecessisse
1127 4553 1276 4634 gloriatur,
1301 4567 1462 4631 Menippum

345 4657 393 4703 aut
409 4653 527 4703 nondum
545 4658 603 4704 tum
622 4654 761 4722 cognitum
778 4654 884 4704 habens
904 4659 952 4704 aut
969 4655 1146 4705 fraudulento
1165 4654 1277 4706 silentio
1296 4653 1463 4721 opprimens.
