3559 5709
314 681 374 745 176
688 688 722 745 ll.
737 687 877 745 'llllllill‘l'l
892 688 1056 746 vinnons

310 850 475 914 rebusad
501 871 704 915 communem
730 850 819 915 uitae
849 873 945 914 usum
974 849 1215 937 pertinentibus
1243 848 1437 915 confabule-

312 974 393 1033 mur,
417 951 600 1038 dequibus
624 953 657 1014 in
684 952 756 1017 foro
785 962 881 1037 atque
910 952 944 1015 in
972 951 1113 1036 negotiis
1141 950 1261 1035 egendi
1289 973 1356 1016 non
1386 960 1437 1015 est

311 1053 425 1116 otium.
455 1052 632 1116 Dominum
648 1059 781 1135 autem’‚
804 1052 921 1139 inquit,
944 1052 1101 1118 ‘conuiuii
1122 1074 1195 1116 esse
1217 1061 1347 1139 oportet
1369 1075 1436 1117 non

311 1163 378 1218 tam
398 1152 538 1236 lautum,
567 1175 664 1239 quam
693 1154 763 1248 sine
792 1154 964 1234 sordibus,
993 1163 1027 1219 et
1048 1153 1083 1215 in
1105 1152 1256 1219 conuiuio
1280 1152 1347 1238 legi
1369 1176 1437 1218 non

280 1255 421 1325 5-omnia
443 1254 575 1336 debent,
598 1253 657 1318 sed
679 1277 718 1318 ea
739 1255 957 1340 potissimum,
979 1277 1064 1341 quae
1086 1254 1182 1319 simul
1196 1254 1261 1320 sint
1282 1242 1437 1338 βιωφελή

311 1365 346 1419 et
367 1355 553 1422 delectent!
599 1365 629 1426 6.
652 1357 766 1443 Neque
792 1377 857 1419 non
885 1356 926 1419 de
956 1356 1109 1420 secundis
1143 1378 1272 1443 quoque
1300 1356 1434 1438 mensis,

311 1458 496 1523 cuiusmodi
524 1480 596 1523 esse
626 1480 681 1522 eas
706 1466 871 1544 oporteat,
900 1457 1072 1544 praecipit.
1115 1457 1178 1521 His
1206 1457 1294 1520 enim
1320 1457 1434 1522 uerbis

311 1559 428 1623 utitur:
453 1558 632 1641 ‘Bellaria',
655 1558 773 1645 inquit,
796 1566 847 1623 ‘ea
860 1559 1003 1623 maxime
1015 1568 1092 1623 sunt
1107 1557 1240 1639 mellita,
1256 1580 1343 1645 quae
1358 1557 1434 1621 mel-

310 1659 370 1724 lita
392 1683 458 1726 non
480 1670 571 1745 sunt3
593 1659 762 1744 πέμμασιν
784 1661 869 1724 enim
891 1684 966 1725 cum
987 1651 1240 1736 rrs'oei'soeietus
1256 1660 1435 1725 infida?—

262 1774 301 1835 10
313 1774 342 1833 7.
359 1761 457 1843 Quod
470 1761 577 1827 Varro
598 1764 632 1826 in
647 1762 718 1827 loeo
733 1763 795 1827 hoe
810 1762 896 1826 dixit
909 1761 1057 1844 bellaria,
1072 1762 1202 1847 nequis
1217 1760 1306 1827 forte
1320 1761 1357 1825 in
1371 1762 1436 1825 istu

310 1884 392 1927 uooe
406 1862 553 1945 haereat,
569 1863 732 1949 significat
745 1863 781 1927 id
795 1862 995 1930 uocabulum
1009 1886 1104 1929 omne
1119 1885 1250 1928 mensae
1266 1862 1434 1928 secundae

310 1987 424 2049 genus.
474 1966 560 2030 Nam
590 1988 673 2053 quae
701 1963 854 2048 πέμματα
881 1965 1002 2031 Graeci
1029 1975 1086 2029 aut
1113 1962 1309 2048 τραγήματα
1341 1961 1434 2028 dixe·

311 2076 405 2149 runt,
435 2089 474 2130 ea
494 2077 622 2132 ueteres
650 2067 756 2133 nostri
782 2066 920 2132 bellaria
941 2066 1200 2155 appellauerunt.
1243 2065 1333 2131 Vina
1356 2087 1435 2153 quo-

311 2190 373 2254 que
402 2168 550 2233 dulciora
577 2180 629 2234 est
655 2170 802 2234 inuenire
827 2169 862 2231 in
890 2169 1068 2235 comoediis
1101 2168 1345 2254 antiquioribus
1374 2168 1436 2233 hoe

262 2269 442 2345 15nomine
465 2270 630 2358 appellata
653 2272 806 2357 dietaque
828 2294 900 2335 esse
922 2293 962 2336 ea
982 2271 1098 2337 Liberi
1118 2269 1280 2336 bellaria?

389 2540 517 2605 Gellius
532 2543 550 2607 I
565 2551 617 2624 22,
634 2551 653 2610 4
669 2566 717 2630 sq.
734 2543 792 2625 (of.
807 2565 909 2629 supra
922 2566 956 2629 p.
972 2550 1045 2624 176,
1058 2544 1092 2630 4)
1115 2543 1250 2629 ‘Itaque
1264 2541 1312 2606 M.
1324 2541 1435 2606 Varro

311 2645 346 2707 in
361 2645 463 2708 satira
477 2666 561 2730 quae
576 2644 735 2731 inscripta
750 2653 800 2709 est
814 2644 947 2709 ‘Nescis
963 2644 1044 2730 quid
1058 2666 1177 2731 uesper
1190 2642 1304 2708 uehat’
1321 2665 1435 2730 super-

311 2745 414 2810 fuisse
437 2745 516 2810 dieit
537 2745 711 2811 immodice
733 2754 766 2809 et
791 2746 1020 2832 intempestiue
1046 2746 1161 2809 fuisse.
1201 2755 1231 2814 5.
1254 2744 1373 2811 Verba
1395 2768 1435 2809 ex

312 2870 351 2912 eo
374 2846 458 2913 libro
482 2848 563 2911 haee
585 2855 674 2911 sunt:
706 2847 760 2912 ‘In
780 2848 933 2912 conuiuio
956 2846 1021 2932 legi
1043 2870 1104 2913 nee
1125 2846 1234 2913 omnia
1255 2846 1384 2914 debent
1403 2856 1436 2910 et

311 3022 403 3071 omnia
422 3020 641 3071 commodissime
659 3019 820 3087 peragenda
837 3035 912 3070 esse:
932 3036 1016 3070 cenas
1034 3025 1062 3070 et
1079 3025 1111 3070 ut
1123 3024 1190 3085 puto
1207 3019 1267 3070 alia
1286 3020 1383 3082 etism,
1402 3010 1442 3069 de'

311 3091 410 3153 quibus
433 3089 603 3139 disseruerit.
642 3090 685 3139 De
709 3088 853 3153 prouerbio
876 3089 913 3138 el.
936 3089 1034 3138 Liuius
1056 3088 1132 3139 XLV
1150 3091 1179 3150 8,
1203 3089 1219 3136 6
1245 3088 1359 3138 ‘Decet
1384 3103 1434 3137 nee

311 3158 453 3221 praesenti
471 3158 583 3206 credere
603 3157 742 3219 fortunae,
763 3170 824 3205 eum
843 3156 908 3221 quid
925 3171 1026 3221 uesper
1044 3157 1119 3207 ferat
1135 3156 1271 3205 incertum
1290 3157 1350 3209 sit.’
1369 3156 1433 3206 Ver·

312 3225 360 3289 gil.
380 3225 479 3289 Georg.
498 3225 511 3273 1
529 3226 578 3273 461
598 3226 736 3288 ‘Denique
756 3225 821 3288 quid
838 3240 939 3289 uesper
957 3240 1034 3273 serus
1051 3223 1152 3274 uehot’
1170 3238 1231 3288 sqq.
1249 3250 1286 3259 -
1302 3223 1433 3274 Merekli·

312 3307 362 3341 nus
380 3290 445 3354 περὶ
469 3285 632 3357 ἐδεσμάτων
655 3292 772 3342 eandem
795 3298 916 3341 saturam
941 3307 1001 3341 esse
1024 3292 1109 3351 dixit,
1133 3291 1182 3340 sed
1199 3307 1226 3340 u.
1244 3290 1327 3358 proll.
1347 3308 1374 3357 p.
1393 3294 1433 3342 47.

311 3360 436 3410 Lexieou
455 3360 527 3425 apud
545 3361 649 3409 Maium
668 3360 775 3424 scripu.
795 3360 876 3409 eless.
896 3375 960 3410 nou.
979 3360 1043 3413 coll.
1061 3360 1127 3410 VIII
1144 3376 1172 3425 p.
1185 3361 1218 3408 62
1236 3361 1331 3409 ‘Hiue
1351 3362 1433 3409 etism

311 3429 398 3477 Varro
417 3429 470 3478 ait:
489 3427 606 3478 bellaria
624 3444 659 3477 ea
677 3429 794 3478 maxime
813 3432 878 3478 sunt
895 3427 1012 3491 mellita,
1032 3442 1104 3493 quae
1121 3426 1229 3477 mellita
1247 3443 1304 3478 non
1324 3432 1412 3477 sunt)

311 3634 374 3688 sup.
395 3620 443 3673 lin.
466 3620 531 3674 add.
563 3618 641 3675 Voss.
663 3611 759 3698 minfl
815 3622 902 3674 lusu
930 3619 1008 3675 Voss.
1029 3622 1094 3675 mai.
1130 3618 1333 3691 pertinentibus
1355 3636 1431 3675 usum

315 3703 427 3758 ΤΙιααα.
456 3695 471 3782 11
499 3704 704 3760 confabulemus
732 3708 806 3761 idem
821 3694 837 3783 11
904 3708 1023 3778 terque
1043 3705 1163 3776 negotiis
1182 3702 1286 3759 Petau.
1301 3694 1315 3782 11
1336 3703 1432 3778 agendi

312 3788 382 3861 Rey.
407 3788 485 3844 Voss.
505 3791 571 3843 mm.
615 3790 726 3862 agendis
750 3789 861 3845 Thoan.
902 3790 1016 3863 agendis
1035 3788 1111 3878 loqui
1139 3788 1216 3844 Voss.
1237 3790 1307 3843 mio.
1330 3789 1430 3844 Petuu.

312 3925 461 3997 Sanyerm.
478 3916 493 4004 11
541 3927 557 3978 3
577 3926 713 3981 conuiuiis
737 3926 814 3981 Voss,
834 3927 901 3980 mai.
916 3916 932 4004 11
947 3919 1021 4000 esse]
1044 3888 1135 4015 aulem
1164 3923 1242 3980 Voss.
1265 3926 1334 3980 moi.
1350 3916 1367 4003 11
1380 3941 1431 3981 uon

311 4022 375 4084 onia
390 4028 445 4101 legi
463 4027 574 4083 ΤΙιααη.
588 4018 603 4105 11
652 4031 669 4080 5
692 4027 772 4082 simul
787 4045 842 4085 om.
861 4027 886 4082 Τ
884 4027 972 4082 Ιιααη.
987 4017 1002 4105 ss
1017 4005 1075 4083 siut
1087 4006 1165 4083 uillis
1180 4026 1276 4097 etdel.
1295 4019 1429 4101 Thoanll

310 4118 327 4167 6
348 4131 400 4168 neo
414 4114 486 4187 Rey.
502 4104 516 4191 11
531 4113 563 4168 de
579 4128 632 4167 om.
656 4112 718 4167 Pet.
733 4102 747 4192 11
763 4129 874 4187 quoque
889 4129 944 4168 om.
959 4111 1022 4167 Per.
1038 4102 1052 4190 11
1101 4117 1117 4165 7
1139 4129 1184 4168 eas
1207 4127 1269 4167 esse
1291 4111 1356 4168 Pet.
1377 4120 1430 4186 elas

312 4198 381 4270 Καρ.
426 4217 472 4254 eas
495 4215 547 4253 om.
578 4196 688 4253 ΤΙιααα.
710 4188 724 4276 11
744 4199 860 4271 preprit
886 4197 998 4252 Thoan.
1016 4190 1029 4275 11
1049 4197 1092 4252 his
1119 4198 1191 4253 enim
1212 4195 1353 4253 -iulide
1379 4212 1429 4271 equ.

314 4284 427 4339 leuon.
443 4275 458 4363 11
494 4281 743 4359 8bellituf1Re9.
775 4282 865 4338 bellita
882 4300 936 4356 que
958 4282 1037 4339 Voss.
1053 4284 1120 4338 mai.
1138 4277 1151 4360 11
1195 4283 1289 4338 9nou
1309 4279 1429 4338 suntllll

311 4370 428 4424 societas
444 4369 515 4438 Rey.
546 4364 864 4422 ΕΝΙΜΩΜΠΕΙΕΙ
886 4367 965 4423 Voss.
985 4370 1052 4423 mai.
1069 4359 1082 4444 11
1128 4370 1162 4419 10
1183 4366 1250 4421 dixit
1271 4361 1355 4445 hocin
1371 4367 1427 4422 loco

311 4452 372 4507 Pet.
390 4445 402 4530 11
420 4453 535 4508 bellare·
552 4461 614 4507 onte
631 4454 692 4525 quis
708 4452 778 4523 Req.
795 4469 832 4507 m.
845 4469 895 4523 pr.
919 4453 996 4508 Voss.
1012 4456 1078 4507 moi.
1095 4445 1108 4528 11
1154 4454 1185 4503 12
1207 4448 1280 4525 μαψ
1309 4452 1362 4508 GR.
1386 4448 1427 4527 gie

312 4536 437 4593 dixerunt
463 4537 532 4610 Rey.
577 4539 664 4609 gretia
691 4546 719 4593 et
752 4536 830 4593 Voss.
851 4538 918 4591 mai.
937 4530 949 4615 11
996 4541 1028 4590 15
1051 4554 1081 4592 ee
1105 4536 1275 4593 Lilieri'om.
1299 4536 1398 4593 Peleu.
1412 4524 1425 4610 11

314 4624 344 4675 17
360 4630 450 4696 satyro
474 4616 638 4699 7α1.17αμ.11
656 4638 734 4678 serus
749 4639 802 4677 om.
815 4623 882 4678 libri
888 4614 902 4700 11
912 4623 1010 4679 ueheot
1030 4622 1101 4677 Ron.
1116 4617 1129 4698 11
1155 4624 1187 4675 18
1201 4622 1318 4677 imodIoe
1341 4620 1401 4678 Vel.
1412 4612 1424 4694 11
