3559 5709
328 692 348 755 8
803 696 931 751 CAPVT
962 697 971 751 Ι

329 868 448 926 ‘Varro
470 868 523 939 qai
542 868 580 923 sit
603 866 659 936 (ea
681 860 858 944 Roeperus.
882 866 947 937 et?)
972 864 1149 939 Menippeas
1176 879 1236 923 aaa
1259 881 1278 922 a
1300 868 1449 938 maeatae

328 970 414 1028 eaa‘as
436 973 520 1026 aetas
547 968 636 1039 lonae
658 972 887 1041 praecesserat,
919 968 1089 1024 nominatas
1116 962 1364 1046 (nominatar?)‚
1392 970 1450 1027 sed

330 1086 351 1140 a
371 1071 513 1129 societate
535 1070 663 1144 inperat,
693 1069 775 1143 qaod
800 1069 826 1127 ts
847 1082 963 1141 qaoque
992 1069 1148 1140 amntaeao
1174 1071 1310 1127 carmine
1335 1070 1449 1128 satiras

328 1189 400 1232 snas
421 1172 636 1246 expanderat?
671 1164 717 1228 Et
738 1187 817 1228 sane
839 1165 912 1251 ipso
934 1165 1042 1229 Varro
1069 1188 1135 1229 non
1156 1188 1230 1229 raro
1254 1165 1448 1251 Menippeas

331 1268 462 1349 dicitur,
486 1267 529 1330 cf.
546 1266 716 1331 Charisius
740 1290 772 1352 p.
792 1275 862 1336 118.
886 1267 1064 1331 Diomedes
1087 1290 1118 1352 p.
1137 1277 1209 1336 371.
1233 1266 1448 1351 Symmachus

330 1380 417 1435 arrct.
441 1393 515 1455 epp.
539 1378 568 1437 2.
597 1368 764 1432 Aruobius
792 1367 917 1437 V123·
945 1368 1128 1454 Eutychius
1158 1391 1190 1453 p.
1215 1377 1296 1439 2169
1325 1370 1363 1432 Ρ.
1388 1379 1448 1438 175

329 1473 368 1536 L.
385 1471 571 1537 Athenaeus
589 1470 638 1533 IV
655 1492 687 1555 p.
705 1478 765 1538 160
781 1492 808 1532 c.
845 1469 953 1549 Quam
976 1480 1084 1534 autem
1098 1470 1192 1533 huius
1215 1470 1355 1533 nominis
1372 1492 1449 1533 cau·

331 1597 403 1638 sam
418 1573 547 1638 Probus
571 1570 677 1652 affert,
701 1593 739 1634 ea
761 1593 878 1657 parum
899 1570 1031 1636 uidetur
1053 1573 1236 1636 consentire
1259 1593 1332 1635 oum
1348 1570 1451 1636 Gellii

331 1674 509 1755 sententia,
544 1673 600 1759 qui
627 1673 714 1736 inter
746 1673 936 1758 cynicarum
970 1682 1003 1737 et
1029 1674 1279 1760 Menippearum
1307 1672 1451 1759 appella-

332 1778 454 1843 tionem
476 1774 672 1839 affinitatem
694 1773 859 1860 quandam
888 1775 959 1840 sine
981 1774 1081 1839 dubio
1110 1775 1310 1840 intercedere
1331 1774 1449 1840 uoluit.

331 1878 528 1964 Cynicorum
547 1877 632 1940 enim
654 1877 784 1941 omnino
805 1877 908 1940 fuisso
926 1887 962 1941 ut
977 1877 1119 1941 carmine
1137 1878 1308 1961 omnigeno
1327 1877 1453 1963 scripta

332 2003 391 2043 sua
414 1977 606 2065 expolirem,
635 1977 787 2041 idnemo
816 1977 923 2041 adhuc
945 1977 1135 2043 affirmauit.
1180 1980 1291 2060 Quare
1317 1988 1354 2043 ut
1375 2002 1451 2065 pos-

333 2082 434 2145 simus
459 2078 652 2161 diiudicare,
669 2077 818 2145 Gellione
842 2080 885 2144 sit
908 2102 950 2142 an
965 2081 1073 2145 Probo
1097 2081 1179 2145 fides
1195 2080 1361 2162 habenda,
1380 2081 1452 2144 siue

331 2193 443 2247 utrum
470 2205 489 2245 a
518 2182 633 2268 cynica
661 2182 801 2266 quadam
831 2191 1016 2245 sutrinorum
1042 2182 1151 2246 indole
1180 2180 1293 2267 (quam
1321 2182 1452 2246 Tertul-

331 2284 439 2349 lianus
463 2306 593 2369 quoque
615 2283 659 2347 ad
682 2283 830 2348 nationes
854 2284 871 2346 l
895 2293 934 2351 10
958 2293 990 2347 et
1018 2282 1222 2370 apologetico
1246 2306 1316 2370 cap.
1340 2294 1382 2353 14
1404 2284 1452 2347 in-

333 2388 415 2467 nuit,
433 2385 586 2450 ‘Romani
602 2384 669 2450 stili
680 2386 876 2470 Diogencm’
894 2397 926 2451 et
939 2386 1135 2449 ‘Romanum
1151 2386 1313 2471 cynicum'
1330 2386 1453 2451 Varro-

332 2511 407 2552 nem
429 2484 568 2571 uocaus)
591 2510 633 2552 an
656 2489 698 2552 ab
722 2488 894 2572 omnigeno
917 2488 1060 2551 carmine
1083 2511 1126 2552 an
1146 2487 1232 2552 forte
1246 2488 1289 2553 ab
1304 2488 1354 2551 his
1372 2487 1454 2550 dua-

332 2590 394 2654 bus
418 2588 515 2653 rebus
539 2609 731 2673 quocunque
746 2588 857 2654 modo
881 2590 967 2653 inter
996 2613 1030 2654 se
1060 2589 1258 2654 consociatis
1285 2588 1454 2673 Menippei

333 2713 494 2775 agnomen
517 2690 689 2776 acceperit,
714 2689 754 2754 de
776 2690 933 2777 Menippo
955 2692 1045 2778 prius
1069 2714 1152 2777 quae
1174 2691 1294 2754 scimus
1318 2713 1376 2754 suo
1402 2712 1454 2753 or-

334 2793 409 2856 dine
431 2790 630 2878 proferenda
653 2801 737 2858 sunt.

396 2893 587 2979 Menippum
609 2894 716 2980 patria
739 2892 981 2976 Gadarensem,
1011 2897 1105 2960 cuius
1133 2894 1238 2958 uitam
1263 2893 1359 2957 nimis
1387 2903 1454 2959 sto-

333 2996 399 3061 lide
415 2995 672 3060 conscribillauit
686 2996 853 3081 Diogenes
868 2997 1022 3062 Laertius
1040 2995 1104 3081 (VI
1119 3005 1160 3067 99
1181 2996 1279 3081 sqq),
1301 2994 1455 3060 floruisse

334 3097 463 3161 circiter
498 3096 720 3183 olympiadem
760 3099 973 3162 centesimam
1014 3098 1252 3182 sexagesimam
1292 3095 1453 3161 Oehlerus

334 3197 495 3284 (prolegg.
518 3198 561 3261 ad
581 3198 742 3263 Varronis
765 3207 842 3263 satt.
864 3221 896 3284 p.
914 3208 954 3268 42
976 3202 1060 3286 sqq.)
1084 3198 1299 3285 probabiliter
1322 3198 1454 3262 demon-

335 3300 463 3381 strauit,
487 3299 606 3383 uiginti
628 3299 698 3364 fere
720 3300 814 3362 annis
838 3309 1010 3384 antequam
1026 3301 1133 3366 Varro
1148 3310 1245 3365 natus
1262 3309 1321 3364 est.
1350 3297 1455 3363 Paulo

333 3402 434 3487 igitur
461 3402 581 3465 nimius
616 3411 666 3465 est
698 3402 844 3483 ProbuS‚
873 3401 994 3487 ‘longe’
1023 3426 1096 3467 eum
1129 3411 1236 3467 aetate
1270 3401 1454 3465 Varronem

335 3504 554 3589 praecessisse
576 3503 634 3569 ubi
656 3502 816 3590 perhibet.
854 3502 1053 3588 Cynicorum
1075 3513 1184 3569 sectae
1207 3502 1358 3567 addictus
1382 3512 1455 3568 erat

335 3604 533 3689 scripsitque
555 3604 676 3668 similia
697 3617 795 3692 atque
818 3604 874 3669 alii
903 3605 1035 3691 quidam
1062 3607 1132 3670 eius
1155 3603 1381 3692 philosophiae
1403 3626 1454 3668 as-

336 3703 459 3786 seclae,
482 3705 562 3770 talia
591 3705 663 3770 dieo
686 3707 805 3791 quibus
834 3708 920 3770 seria
948 3706 1122 3794 iocosaque
1149 3705 1257 3792 lepide
1281 3707 1454 3792 permisce-

334 3808 471 3888 bantur,
500 3806 554 3871 uel
581 3808 689 3892 potius
718 3808 836 3894 quibus
865 3809 1014 3875 ‘ridendo
1044 3810 1152 3874 dicere
1180 3813 1312 3872 uerum'
1342 3816 1380 3872 ut
1407 3808 1456 3873 ait

335 3909 495 3975 Horatius
519 3909 667 3995 seriaque
695 3910 805 3975 iocose
834 3911 1019 3996 exprimere
1048 3910 1262 3976 conabantur.
1305 3908 1359 3973 Ita
1384 3908 1455 3982 Moe

334 4012 442 4075 nimus
466 4011 600 4097 cynicus
624 4011 763 4093 παίγνια
785 4012 916 4098 scripsit
931 4011 1065 4097 σπουδῇ
1080 4011 1247 4096 λεληθυίᾳ
1268 4008 1455 4092 μεμιγμένα

336 4114 449 4198 (Diog.
479 4113 589 4177 Laert.
619 4113 668 4178 VI
694 4114 769 4198 83),
803 4113 848 4177 ad
877 4135 1017 4199 quorum
1050 4112 1237 4199 exemplum
1262 4111 1456 4198 Menippum

334 4213 436 4279 hbros
472 4236 548 4279 suos
583 4214 765 4278 instituisse
798 4214 963 4279 Prellerus
998 4215 1149 4301 opinatus
1184 4224 1235 4278 est
1269 4212 1357 4298 (ann.
1390 4212 1455 4278 litt.

336 4314 464 4378 lenens.
489 4325 570 4387 1847
601 4339 634 4401 p·
658 4314 750 4401 621);
784 4317 832 4379 ita
858 4316 1023 4401 Meleager
1050 4315 1198 4402 Menippi
1226 4323 1259 4379 et
1285 4313 1455 4401 popularis

336 4424 370 4479 et
392 4415 538 4481 imitator
561 4417 617 4504 (cf.
634 4416 754 4483 Strabo
771 4417 857 4481 XVI
872 4418 903 4500 2,
921 4426 960 4486 29
977 4428 1008 4482 et
1030 4417 1133 4482 Anth.
1149 4440 1198 4503 gr.
1217 4417 1320 4504 epigr.
1337 4406 1454 4478 nidera.

337 4526 410 4587 572.
427 4516 585 4603 Meleagri
608 4520 709 4606 epigr.
729 4520 803 4605 127)
820 4518 992 4605 scripsisse
1013 4519 1158 4600 uidetur,
1182 4520 1274 4583 cuius
1297 4516 1456 4603 reliquiae

336 4618 469 4705 quidem
496 4618 655 4705 pauculae
688 4624 778 4707 (nam
811 4620 1048 4706 epigrammata
1080 4623 1144 4684 huc
1176 4643 1242 4686 non
1274 4618 1455 4706 pertinent)
