3559 5709
329 705 371 768 74
800 704 929 761 CAPVI'
955 704 977 760 ll

328 873 437 936 Prom.
461 869 518 934 lib.
535 870 604 934 XII
627 879 659 934 et
686 870 771 947 Ταφ.
789 870 874 930 Μεν.
891 858 1012 933 XVIII
1033 880 1066 934 et
1081 869 1175 953 Virg.
1191 870 1261 933 din.
1286 870 1322 935 X
1345 869 1452 955 (euius

331 972 492 1038 sententia
513 993 578 1035 nou
601 982 651 1037 cst
673 968 786 1056 plana)
808 968 851 1033 ad
877 980 1051 1056 utrumque
1072 972 1240 1056 pertinere
1267 995 1451 1040 sermonem

329 1087 475 1163 possunt.
821 1129 827 1138 ,

414 1176 480 1241 Sed
500 1198 598 1239 unam
620 1173 728 1239 adhuc
750 1196 819 1237 rem
834 1171 983 1238 consulto
1003 1172 1223 1257 negleximus,
1239 1196 1327 1261 quae
1342 1176 1451 1261 magni

329 1278 483 1342 momenti
504 1278 539 1341 in
561 1298 596 1340 re
624 1286 737 1339 nostra
759 1297 832 1338 esse
853 1274 986 1361 poterit.
1029 1274 1232 1341 Enumeraui
1257 1276 1395 1362 quidem
1415 1300 1452 1341 ea

331 1402 414 1465 quae
436 1380 471 1441 in
492 1378 685 1462 fragmentis
710 1377 856 1461 poeticae
884 1376 1132 1461 compositionis
1153 1377 1301 1463 uestigia
1322 1378 1450 1464 puto¹);

329 1481 472 1545 nondum
505 1488 614 1543 autem
648 1478 871 1560 consideraui,
907 1501 982 1543 enm
1008 1479 1043 1541 in
1074 1478 1125 1543 his
1158 1479 1283 1544 saturis
1315 1488 1451 1565 uterque

331 1604 438 1648 sermo
460 1582 583 1645 mixtus
606 1581 659 1660 sit,
681 1582 716 1643 in
738 1580 875 1664 singulis
898 1601 1028 1667 quoque
1046 1579 1242 1665 fragmentis
1256 1578 1356 1645 huius
1379 1604 1450 1647 eon-

266 1765 269 1770 ,
328 1683 505 1748 iunctionis
528 1678 682 1767 reliquias
705 1682 800 1747 nobis
821 1682 970 1767 potuisse
992 1682 1135 1764 seruari3
1158 1682 1239 1768 quid
1259 1682 1366 1766 igitur
1388 1682 1450 1748 dis·

330 1767 508 1873 putatione
522 1804 596 1847 mea
616 1782 791 1869 probatum
813 1792 879 1864 est,
909 1783 974 1847 uisi
990 1781 1078 1847 -haee
1099 1783 1173 1869 ipsa
1193 1791 1327 1849 tantum
1348 1781 1451 1850 uerba

332 1885 373 1950 de
395 1885 512 1971 quibus
535 1883 606 1948 dixi
628 1884 757 1969 poetica
779 1906 866 1964 esse,
888 1883 1032 1970 reliquas
1054 1884 1171 1949 horum
1192 1883 1450 1970 fragmentorum

332 1995 441 2073 partes
465 1986 507 2050 ad
529 2006 660 2070 prosam
683 2006 748 2049 non
769 1985 933 2071 pertinere
955 1984 1102 2053 nondum
1117 1986 1292 2053 constare?
1313 1986 1361 2052 Et
1376 2006 1451 2051 sane

332 2088 558 2174 quaestionem
585 2109 670 2150 nunc
699 2086 828 2172 attingo
857 2087 939 2151 satis
968 2086 1150 2172 spinosam,
1179 2109 1280 2173 quam
1306 2096 1346 2151 ut
1374 2108 1451 2152 sana

331 2188 459 2254 ratione
481 2197 515 2253 et
537 2198 695 2274 quantum
716 2188 840 2274 possim
861 2187 1016 2252 facillime
1038 2187 1218 2275 perficiam,
1232 2188 1296 2253 hoe
1311 2189 1451 2275 primum

331 2290 542 2377 premendum
572 2300 632 2370 est,
662 2289 726 2356 duo
755 2312 891 2376 poeseos
919 2311 1041 2375 genera
1062 2290 1183 2354 saturis
1211 2290 1336 2356 iniecta
1363 2314 1449 2356 esse:

331 2391 475 2457 carmina
503 2390 575 2457 dico
603 2390 740 2477 abipso
763 2391 912 2456 Varrone
935 2392 1121 2477 conscripta
1142 2389 1197 2454 uel
1221 2391 1379 2457 breuiora
1400 2390 1452 2458 uel

331 2492 482 2577 longiora
509 2501 542 2556 et
568 2490 707 2556 aliorum
733 2502 904 2579 poetarum
936 2514 1053 2557 uersus
1080 2501 1279 2558 uersunmue
1310 2492 1455 2559 frustula

332 2594 375 2658 ab
403 2592 460 2658 illo
486 2591 614 2657 adlatos
644 2594 851 2679 saepissime3
880 2592 1288 2679 deindeinuestigandum
1310 2617 1453 2681 quonam

332 2694 428 2760 modo
452 2716 525 2759 eum
547 2692 694 2778 pedestri
721 2716 870 2760 sermone
897 2703 1070 2781 utrumque
1090 2699 1203 2780 ”genus
1231 2696 1452 2761 coniunxerit.

332 2796 479 2861 Accedet
500 2806 665 2881 postremo
688 2796 847 2883 quaestio,
862 2820 941 2861 num
961 2796 1131 2902 uariorum
1152 2805 1334 2863 metrorum
1354 2796 1452 2863 nullis

332 2921 449 2987 prosae
471 2897 653 2963 interuallis
678 2896 914 2985 diremptorem
936 2898 1055 2963 seriem
1076 2898 1266 2964 continuam
1286 2899 1452 2984 possimus

332 3000 431 3068 hodie
452 3000 611 3066 inuenire.

419 3101 570 3167 Aliorum
596 3100 699 3184 igitur
728 3109 901 3185 poetarum
922 3122 1038 3165 uersus
1061 3123 1137 3165 eum
1158 3100 1307 3189 potuisse
1330 3102 1451 3167 saturis

335 3204 422 3269 omni
443 3201 541 3269 modo
563 3203 766 3289 inspergere,
788 3211 826 3265 ut
846 3201 900 3265 uel
923 3202 1105 3266 sententiae
1127 3201 1192 3266 fine
1214 3224 1235 3265 a
1255 3203 1453 3289 praeceden-

334 3305 419 3372 tibus
443 3314 695 3389 segregarentur
721 3303 774 3368 uel
800 3325 865 3367 uno
889 3312 1001 3369 tenore
1029 3301 1095 3366 illis
1124 3303 1399 3389 adiungerentur,
1422 3313 1454 3369 et

333 3430 392 3495 per
414 3430 449 3473 se
470 3406 614 3493 maxime
636 3415 687 3472 est
708 3404 878 3492 probabile
901 3415 934 3469 et
956 3403 1114 3491 exemplis
1135 3405 1358 3487 confirmatur,
1381 3429 1454 3472 oum

335 3532 418 3597 quae
443 3501 558 3591 Ἀνθρ.
579 3509 639 3573 VI.
673 3508 756 3572 Bim.
779 3508 807 3574 Ι.
847 3507 944 3572 Eum.
968 3507 1045 3571 VII.
1084 3510 1168 3586 Ταφ.
1196 3506 1291 3570 Mra·
1311 3508 1363 3573 VI
1392 3507 1472 3588 sub·

335 3610 444 3676 Plauti
466 3610 555 3674 Enni
569 3609 681 3675 Scanti
695 3609 882 3675 nominibus
905 3608 1108 3690 adferuntur,
1129 3607 1243 3673 eodem
1259 3630 1334 3674 cum
1348 3608 1453 3695 ipsius

336 3709 516 3776 sententiae
538 3709 648 3774 uerbis
672 3710 796 3777 ambitu
823 3709 1067 3789 contineantur,
1095 3710 1130 3772 in
1155 3732 1222 3775 uno
1243 3708 1291 3794 fg.
1313 3713 1453 3792 Γεροντ.

336 3814 419 3882 XVI
446 3810 535 3875 Enni
568 3811 672 3875 uerba
699 3821 731 3876 et
756 3821 794 3876 ut
827 3810 961 3877 uidetur
992 3810 1162 3896 Euripidis
1192 3806 1269 3893 περὶ
1295 3807 1409 3893 ἐδεσμ.
1437 3812 1455 3876 Ι

334 3913 433 4004 poulo
462 3911 606 3977 seuerius
635 3921 806 3998 segregata
833 3913 909 3978 sint.
964 3912 1091 3977 Eodem
1123 3910 1219 3978 modo
1247 3920 1327 3977 tune
1354 3914 1455 3980 etiam

335 4020 364 4083 si
379 4014 522 4083 auctoris
539 4036 658 4081 nomen
671 4024 758 4080 tacet
773 4019 824 4101 (ut
838 4013 926 4101 quod
941 4012 1128 4098 legentibus
1142 4025 1258 4081 notum
1272 4037 1347 4080 esse
1361 4037 1455 4101 prae·

337 4153 537 4168 ——u—-n—

420 4223 446 4289 1)
465 4224 526 4275 Non
539 4222 592 4273 erit
604 4236 840 4289 superuacaneum
859 4223 994 4287 repetere,
1007 4219 1078 4285 quod
1091 4220 1148 4272 dixi
1159 4237 1186 4287 p.
1199 4221 1240 4272 56.
1253 4220 1294 4279 58,
1307 4219 1457 4317 pedestria

336 4308 500 4376 singillatim
524 4309 620 4360 eodem
643 4306 721 4359 modo
740 4322 783 4357 me
805 4321 861 4356 non
885 4320 946 4356 esse
969 4304 1210 4371 perlustraturum,
1235 4303 1284 4355 sed
1306 4319 1336 4354 m
1358 4304 1456 4355 horum

336 4409 477 4444 numerum
492 4392 583 4444 omnia
597 4407 658 4443 osse
670 4390 863 4443 referenda-in
882 4390 980 4455 quibus
999 4391 1127 4455 poeticae
1147 4390 1215 4440 artis
1228 4389 1308 4455 signs
1326 4403 1390 4439 non
1409 4388 1456 4439 de·

336 4477 537 4545 prehendImus.
574 4477 627 4529 Sed
644 4476 697 4528 hoo
717 4477 818 4527 addere
836 4474 949 4538 licebit,
973 4473 1046 4525 sales
1068 4474 1243 4539 facetiaeque
1260 4472 1290 4522 in
1309 4472 1377 4523 solis
1395 4473 1457 4524 fere

335 4563 468 4627 precariis
484 4563 617 4623 inueniri,
641 4563 766 4628 quamuis
784 4561 831 4626 qui
850 4576 867 4610 a
889 4561 1007 4626 poeticis
1029 4560 1139 4610 omnino
1157 4573 1192 4609 ea
1214 4558 1322 4610 diceret
1345 4557 1457 4622 abesse,

336 4646 449 4698 nimium
467 4646 587 4711 diceret,
606 4646 644 4699 ef.
660 4647 739 4696 Eum.
757 4646 808 4697 III.
825 4644 920 4696 XVIII
937 4643 984 4698 all.
