3559 5709
387 1946 405 2003 5

422 709 485 776 228
790 714 825 772 u.
850 714 990 772 raanan
1014 713 1197 794 vinnons,

809 874 1155 942 TESTAMENTVM

827 992 928 1081 [Περὶ
951 996 1138 1096 διαθηκῶν]
1251 985 1253 990 ’

939 1114 957 1178 I
978 1115 1028 1201 (1)

511 1270 518 1284 .
542 1219 594 1284 sle
618 1217 672 1282 ille
695 1215 824 1304 puellus
848 1216 988 1281 Veneris
1011 1224 1145 1300 repente
1168 1214 1268 1278 Addn

508 1322 634 1386 Cecidit
656 1328 810 1384 eruentus
834 1318 924 1382 dlim.

928 1471 963 1535 ΙΙ

507 1576 612 1644 Venio
635 1597 722 1639 nuno
745 1573 788 1637 ad
811 1572 948 1655 alterurn
972 1468 1076 1656 giddus
1099 1571 1297 1654 testamenti,
1313 1570 1403 1658 quod
1429 1570 1553 1634 dicitur

422 1678 593 1766 physicon,
617 1677 651 1740 in
674 1699 738 1762 quo
761 1675 881 1740 Graeci
903 1673 1056 1740 belliores
1080 1696 1177 1759 quam
1199 1673 1339 1737 Romani
1361 1674 1481 1738 nostri.
1574 1665 1582 1675 ’

920 1826 987 1891 111·

508 1933 537 1995 E
560 1953 633 1995 mea
655 1931 850 2014 φιλοφωνία
873 1927 971 2010 natis
988 1827 1068 2013 ridde
1084 1927 1260 2014 Menippea
1275 1927 1422 1991 haeresis
1446 1927 1553 1990 nutri-

423 2044 498 2098 cata
520 2042 581 2114 est,
605 2040 730 2096 tutores
760 2031 801 2096 do
830 2031 917 2116 ‘qul
946 2051 1027 2093 rem
1055 2028 1272 2093 Romanam
1299 2029 1552 2116 Latiiimque

341 2169 350 2178 -
424 2132 815 2219 auglsoereuiiltisss

491 2322 776 2373 TESTAMENTVM.
812 2323 854 2372 De
874 2321 1016 2400 additiciis
1035 2316 1115 2383 aspi
1134 2318 1318 2384 διαθηκῶν
1337 2321 1397 2369 siue
1417 2314 1550 2386 διαθή-

424 2408 485 2458 uu
502 2407 528 2445 ¹¹·
548 2387 1551 2509 pria]„nillilUismilwilllllliliilg'dullllit‘illi

423 2462 618 2592 iiiptpldsirrisaal
645 2526 778 2576 Oehlerus
796 2473 1034 2585 ’ueripsimiliten
1063 2541 1080 2574 a
1102 2472 1224 2574 Vlirrone
1248 2539 1343 2588 parurn
1366 2523 1551 2588 probabiliter

379 2608 382 2615 ·
424 2596 501 2643 dixit.
526 2595 749 2657 Disputationem
764 2595 835 2643 enim
849 2593 881 2641 de
902 2596 988 2642 morte
1002 2593 1036 2658 (I)
1057 2597 1085 2642 et
1103 2593 1279 2642 testamentis
1298 2591 1350 2655 (ΙΙ)
1370 2591 1459 2656 ipsius
1478 2593 1550 2641 Var-

318 2723 322 2726 -
424 2663 499 2710 ronis
512 2664 706 2710 testamentum
722 2659 820 2724 (—IV)
835 2660 916 2710 seriis
928 2660 1021 2710 uerbis
1035 2660 1214 2725 compositum
1228 2659 1360 2723 sequitur.
1410 2660 1423 2708 I
1441 2659 1550 2709 Nonius

425 2731 483 2788 158,
509 2727 681 2791 ‘Puellos‚
700 2743 808 2792 pueros.
834 2731 922 2777 Varro
941 2729 1122 2778 Testamenta
1142 2725 1211 2789 περὶ·
1228 2722 1381 2792 διαθηκῶν
1401 2725 1548 2792 (credn-

425 2812 484 2853 κος
497 2797 546 2844 HL
566 2796 747 2855 αιαθνκως
768 2797 812 2857 W)
827 2834 832 2844 .
847 2833 852 2844 .
868 2800 885 2844 .'
910 2796 953 2844 De
971 2796 1170 2846 Adon'forme
1184 2796 1220 2847 cf.
1234 2796 1265 2846 L.
1277 2794 1431 2845 Muellerus
1448 2811 1477 2860 p.
1491 2798 1548 2846 109.

424 2865 451 2913 II
469 2865 575 2913 Nonius
595 2865 639 2926 77,
663 2866 695 2913 27
726 2862 911 2912 ‘Bellioris
935 2868 977 2912 est
1000 2864 1127 2914 melioris.
1168 2866 1255 2915 Varro
1278 2863 1458 2913 Testamenta
1482 2860 1550 2926 περὶ

425 2929 577 2997 διαθηκῶν
596 2929 738 2997 (διηκων
756 2930 877 2994 BHLW)
893 2965 900 2980 .
914 2972 919 2982 .
935 2934 953 2980 .’
1006 2932 1049 2981 ΙΙΙ
1067 2932 1172 2981 Nonius
1189 2932 1248 2995 478,
1268 2933 1298 2980 17
1323 2930 1504 2980 ‘Nutritur
1522 2936 1550 2980 et

424 3002 620 3049 nutricatur
638 3015 686 3064 pro
711 3001 797 3048 nutrit
820 3003 847 3046 et
870 3000 1000 3048 nutricat.
1036 3001 1124 3049 Varro
1148 3001 1328 3048 Testamenta
1351 2995 1419 3061 περὶ
1438 2997 1550 3065 drudp-

423 3066 481 3118 κῶν
499 3065 692 3132 (διαθηκης
710 3068 732 3115 Β
751 3065 929 3131 αιαθησης
947 3067 1010 3119 HW
1029 3066 1212 3133 αταθησης
1230 3067 1264 3129 L)
1280 3108 1286 3120 .
1300 3063 1339 3114 .'.’
1376 3065 1422 3116 Cf.
1440 3067 1549 3117 Ennius

425 3151 488 3184 ann.
508 3151 535 3184 n.
553 3136 604 3184 454
616 3149 657 3198 sq.
674 3133 757 3186 Vahl.
792 3133 904 3182 ‘Audire
924 3138 967 3184 est
984 3150 1086 3199 operae
1104 3135 1221 3200 pretinm
1238 3161 1272 3170 -
1289 3133 1442 3200 procedere
1460 3139 1549 3198 recte,

425 3203 478 3264 oui
506 3218 562 3251 rem
588 3203 740 3257 Romanam
767 3202 934 3266 Latiumque
962 3205 1107 3269 auglscere
1134 3202 1240 3253 uultis)
1285 3203 1328 3257 cf,
1351 3203 1431 3269 proll.
1453 3219 1483 3268 p.
1506 3205 1547 3253 20.

425 3448 437 3496 1
463 3447 522 3519 apri
537 3445 619 3500 dente
642 3441 742 3500 Carrio
765 3445 871 3500 emend.
888 3444 922 3500 lll
945 3447 976 3498 15
990 3435 1005 3524 Η
1020 3445 1108 3501 uuilon
1129 3444 1230 3502 HLW
1258 3444 1314 3500 lato
1330 3443 1436 3500 Iunius
1468 3444 1548 3501 Adon

425 3529 576 3585 Mereerus
612 3529 713 3585 Adonis
733 3529 939 3586 Lachmannus
963 3531 992 3583 in
1018 3530 1104 3585 Lucr.
1125 3547 1154 3600 p.
1171 3533 1221 3584 rto
1245 3530 1295 3600 qui
1318 3525 1549 3586 ‘iambionicum'

424 3629 507 3669 suum
523 3619 645 3668 metrum
661 3616 678 3669 i.
695 3629 717 3669 e.
734 3611 842 3671 ionicos
862 3632 880 3668 α
901 3614 1035 3670 breuibus
1055 3614 1222 3685 incipientes
1242 3615 1374 3687 αηκοαὶα
1397 3614 1483 3686 quem
1504 3631 1548 3670 se-

425 3699 523 3769 quitur
537 3698 568 3752 L.
584 3697 742 3753 Muellerus
755 3716 785 3769 p.
803 3701 866 3764 109,
884 3700 941 3753 nisi
955 3700 1032 3770 quod
1059 3699 1136 3755 Adon
1152 3701 1279 3754 retinens
1295 3700 1450 3754 calclexim
1466 3701 1549 3755 insli-

361 3807 363 3809 ·
425 3784 478 3838 tuit
503 3783 619 3853 exitque
643 3782 812 3854 pellionibus
838 3799 921 3854 quern
949 3777 1019 3860 [Sic]
1046 3784 1086 3839 sle
1110 3784 1156 3841 ille
1179 3786 1287 3855 incipit.
1317 3783 1408 3840 Hunc
1428 3784 1547 3857 sequor.

426 3866 532 3923 Contra
554 3867 705 3938 Roeperus
723 3868 792 3938 phil.
807 3867 885 3927 XVlll
906 3873 955 3922 455
988 3870 1120 3926 soladeos
1140 3871 1244 3937 noluit,
1261 3871 1311 3941 qui
1344 3869 1388 3925 Sic
1409 3869 1455 3925 ille
1476 3873 1549 3926 inci·

422 3959 526 4025 pereni
540 3944 555 4031 Η
611 3958 626 4005 2
649 3952 761 4008 caecidit
781 3944 832 4031 Li}
889 3955 906 4005 3
929 3953 961 4008 ad
977 3953 1089 4010 alterum
1109 3956 1169 4011 cod.
1190 3955 1215 4009 Τ
1213 3955 1295 4019 urie,
1312 3953 1375 4012 Ala.
1399 3954 1433 4010 ad
1445 3954 1551 4011 adalle-

424 4054 483 4092 rum
500 4036 530 4092 H
544 4055 581 4092 m.
598 4053 620 4092 s.
644 4037 676 4092 ad
691 4037 842 4093 adulterum
860 4037 946 4092 ΒΖΗ
958 4056 994 4093 m.
1006 4056 1054 4108 pr.
1078 4039 1111 4094 ad
1127 4039 1289 4095 adulterium
1313 4039 1351 4095 W
1368 4038 1402 4094 ad
1417 4039 1550 4096 adulteri·

423 4130 488 4178 num
510 4122 613 4178 Iunius
644 4122 676 4177 ad
692 4122 815 4178 ultimum
838 4129 904 4178 ente
926 4123 990 4179 Ala.
1007 4115 1021 4202 ll
1037 4130 1182 4180 testamcnl
1203 4125 1282 4179 Bm.
1298 4139 1321 4180 s.
1337 4115 1351 4202 ΙΙ
1409 4123 1549 4181 efisicon

366 4275 369 4280 ι
425 4198 577 4302 BHlell
634 4194 932 4279 δεμεαφιλαφθανια
947 4206 1077 4262 BHLW
1101 4227 1116 4264 e
1137 4226 1195 4264 mea
1213 4208 1352 4265 Oelrlerus
1374 4206 1549 4289 φιλοφωνίηι

424 4294 530 4363 scriprsi
550 4285 568 4364 ὴ
589 4285 656 4368 περὶ
684 4287 888 4365 φιλοφθονίας
904 4293 967 4348 All.
1000 4279 1071 4365 μετα
1092 4290 1296 4365 φιλοφθονίας
1317 4293 1423 4349 Iunius
1438 4285 1451 4373 ΙΙ
1467 4303 1549 4352 natos

352 4425 362 4436 .
426 4377 454 4430 B
468 4368 482 4456 ΙΙ
496 4377 637 4452 Menippae
654 4375 687 4430 H
705 4377 829 4452 Menippo
845 4378 916 4433 LW
939 4373 1246 4452 llenippeaMerccrus
1267 4379 1386 4452 llenippi
1403 4379 1517 4450 Popma
1534 4371 1546 4456 Η

425 4461 529 4517 heresis
544 4464 684 4537 nutricata!
694 4470 721 4517 et
736 4464 810 4533 libri,
826 4480 902 4519 corr.
921 4462 1054 4535 Gifunius
1068 4454 1083 4542 ΙΙ
1131 4467 1147 4517 6
1163 4464 1291 4520 ulciscere
1306 4464 1374 4520 libri
1394 4481 1549 4538 augescere

426 4546 473 4600 uel
487 4547 618 4618 algisoere
635 4546 769 4619 Gifunius
791 4547 1002 4604 adsciscerent.
1019 4552 1085 4601 1526
1116 4550 1268 4605 liercisoe're
1284 4549 1388 4605 Iunius
1411 4549 1548 4606 lacessere

432 4627 548 4685 Vossius
570 4632 711 4705 augiscere
726 4631 877 4689 Merecrus
891 4625 906 4712 Η
