3559 5709
415 744 438 790 x
733 704 737 718 ’
873 739 1082 788 raasrario.

414 917 493 960 uero
526 896 561 960 in
594 894 687 960 libris
721 894 869 958 extantia
898 892 1037 957 delenda
1063 900 1153 972 sunt,
1189 915 1230 957 ea
1262 895 1296 957 in
1326 894 1534 960 adnotatione

416 1022 543 1079 tantum
575 1014 836 1079 commemoraui.
887 1012 1036 1077 Aliorum
1070 1013 1263 1097 scriptorum
1290 1014 1392 1079 uerba
1420 1012 1533 1079 adlata

415 1133 532 1198 litteris
561 1132 675 1197 latiore
698 1132 802 1218 spatio
831 1133 917 1196 inter
940 1152 974 1195 se
1002 1134 1182 1216 segregatis
1205 1131 1356 1214 distinxi3
1383 1133 1419 1196 id
1446 1133 1532 1218 quod

416 1252 529 1338 paucis
551 1249 647 1332 locis,
670 1272 751 1337 quos
773 1249 860 1316 infra
882 1249 1052 1334 indicabo,
1075 1251 1259 1335 neglectum
1282 1273 1353 1316 esse
1375 1252 1474 1337 piget.

475 1370 515 1435 In
537 1370 715 1456 appendice
737 1370 825 1456 quod
847 1378 880 1434 et
901 1369 1048 1456 Menippi
1065 1368 1287 1455 Meleagrique
1309 1379 1444 1455 praeter
1465 1372 1534 1457 epi*

411 1496 593 1574 grammata
603 1488 757 1575 reliquias
772 1500 806 1555 et
818 1488 978 1554 Varronis
992 1487 1150 1554 librorum
1164 1489 1199 1553 in
1214 1490 1332 1574 quibus
1348 1492 1532 1557 remissiore

193 1633 198 1642 ·
303 1590 318 1596 ’
401 1608 486 1673 stilo
502 1629 581 1703 usus
597 1617 646 1673 est
665 1608 842 1694 omnium¹)
861 1608 1047 1693 fragmenta
1061 1608 1187 1692 recepi,
1211 1616 1305 1672 n'emo
1327 1617 1406 1693 puto
1422 1632 1530 1695 repre-

412 1726 543 1793 hendet.
586 1726 624 1791 P.
648 1735 757 1792 autem
778 1726 936 1793 Varronis
958 1727 1090 1792 Atacini
1111 1726 1296 1811 fragmenta
1318 1727 1458 1811 subieci,
1481 1739 1530 1811 ut,

399 1867 495 1933 ,quae
517 1847 560 1911 sit
581 1845 669 1911 illius
691 1848 798 1932 poesis
821 1845 947 1912 indoles
970 1845 1195 1933 quomodoque
1212 1868 1251 1911 ea
1272 1846 1436 1920 aReatini
1459 1870 1529 1913 uer-

413 1987 508 2030 suum
530 1965 656 2031 ratione
678 1962 856 2051 discrepet,
880 1958 1135 2051 unobcrispectu
1150 1964 1291 2047 eluceat,
1314 1988 1395 2051 quas
1418 1989 1529 2053 quam·

413 2106 510 2170 quam
536 2092 603 2149 toto
626 2083 715 2150 caelo
738 2083 826 2169 quod
848 2084 940 2149 aiunt
966 2085 1052 2148 inter
1073 2105 1109 2148 se
1132 2082 1271 2166 distant,
1298 2092 1406 2151 tamen
1428 2108 1531 2169 nuper

401 2205 467 2295 ‘uel
488 2201 773 2268 Reifferscheidius
796 2202 947 2286 (Suetoni
972 2203 1041 2268 rell.
1065 2224 1096 2289 p.
1121 2210 1182 2272 197
1204 2205 1286 2288 not.)
1310 2205 1390 2269 satis
1412 2205 1530 2270 discer·
1612 2204 1617 2213 '

374 2377 377 2385 ,
412 2345 489 2387 nere
517 2320 631 2387 noluit.
682 2320 867 2387 Sententiae
903 2321 1041 2407 denique
1069 2319 1340 2433 VarronisOquae
1376 2321 1531 2388 dicuntur
1616 2401 1619 2412 .

411 2440 537 2521 addidi,
566 2442 729 2526 quianon
757 2440 917 2507 absonum
946 2448 1025 2527 puto
1054 2440 1217 2520 conicere,
1236 2439 1356 2527 'aliqua
1377 2450 1465 2506 certe
1488 2465 1531 2507 ex
1577 2480 1584 2484 -

409 2569 502 2646 parte
532 2559 620 2644 (nam
648 2560 732 2626 aliae
759 2558 849 2625 facili
878 2580 978 2645 opera
1009 2567 1123 2645 postea
1151 2559 1229 2625 addi
1256 2562 1404 2645 potuere)
1428 2582 1483 2625 eas
1499 2585 1531 2625 e

410 2679 568 2744 Varronis
602 2678 694 2744 libris
731 2677 928 2744 deriuandas
964 2698 1045 2743 esse.
1094 2678 1177 2743 Nam
1211 2681 1323 2744 insunt
1351 2682 1531 2745 sententiae

412 2797 525 2884 quales
547 2795 714 2863 liberalior
735 2805 862 2863 tantum
879 2797 1103 2883 excultiorque
1118 2796 1225 2862 m'edio
1242 2819 1322 2862 aeuo
1345 2807 1435 2863 aetas
1458 2822 1531 2864 mea

411 2917 542 3004 quidem
563 2918 726 2983 sententia
746 2916 893 2982 inuenire
915 2917 1022 3002 potuit
1049 2937 1197 3002 quaeque
1219 2914 1376 2981 Varronis
1399 2919 1530 3002 ingenio

412 3037 600 3123 aptissimae
623 3043 713 3117 sunt3
726 3084 728 3087 ψ
741 3057 802 3101 nec
824 3036 935 3101 obst-at
960 3056 1066 3119 ,sermo
1089 3036 1145 3121 qui
1171 3034 1319 3120 profecto
1346 3034 1434 3100 illius
1457 3040 1530 3102 aeui

410 3155 561 3220 barbarie
584 3145 679 3218 foede
704 3154 845 3218 infectus
867 3161 932 3233 cst,
962 3176 1036 3218 cum
1057 3154 1092 3218 in
1120 3152 1239 3219 talibus
1268 3153 1435 3237 florilegiis
1457 3178 1527 3219 sen-

301 3322 304 3329 .
410 3274 528 3338 tentiae
565 3281 692 3338 tantum
731 3273 909 3357 respicere,
952 3271 1070 3338 uerba,
1088 3272 1261 3357 neglegere
1300 3294 1423 3359 suoque
1454 3274 1529 3338 usui

411 3375 655 3460 accommodare
681 3389 858 3479 possent2).
903 3390 1065 3477 Exemplo
1088 3392 1132 3456 sit
1158 3391 1319 3456 sententia
1337 3398 1381 3461 ‘56
1408 3394 1530 3458 ‘omnia
1568 3419 1579 3425 ·

479 3650 500 3715 ¹)
519 3650 593 3701 Hinc
611 3650 792 3720 epistularum
810 3649 967 3715 fragmenta
984 3648 1091 3714 recepi,
1111 3630 1319 3715 epistulicarum
1337 3649 1530 3713 quaestionum

412 3752 499 3789 omisi.

478 3820 500 3886 ²)
519 3819 667 3887 Inscriptio
686 3819 772 3870 etiam
789 3818 915 3885 quamuis
934 3823 1062 3886 corrupta
1081 3818 1116 3869 ad
1135 3818 1312 3883 antiquarios
1330 3822 1443 3869 reuocat
1461 3823 1529 3870 tem-

411 3922 486 3973 pora.
527 3906 597 3957 Nam
619 3904 782 3956 inscribitur
806 3904 893 3955 codex
914 3904 1071 3955 Patauinns
1095 3905 1142 3954 101
1167 3918 1240 3954 saec.
1264 3905 1334 3955 XIII
1362 3905 1529 3955 ‘Prouerbia

410 3990 542 4043 Varronis
560 3988 596 4039 ad'
607 3990 782 4050 Paxianum',
802 3988 998 4040 Atrebatensis
1011 3992 1102 4039 autem
1114 3992 1164 4041 305
1183 4003 1256 4041 saec.
1268 3990 1335 4039 XIV
1353 3989 1529 4040 ‘Sententiae

409 4076 540 4128 Varronis
560 4074 594 4125 ad
612 4074 791 4140 Papirianum
802 4073 920 4124 Athenis
939 4072 1116 4136 audientem’,
1134 4073 1207 4123 unde
1219 4074 1384 4125 Vincentius
1402 4074 1528 4125 Belloua-

411 4162 502 4212 censis
525 4158 610 4227 (spec.
636 4158 700 4222 hist.
718 4158 772 4210 VII
796 4160 828 4209 58
850 4158 907 4224 all.)
932 4158 979 4209 ‘ad
1001 4157 1198 4209 Atheniensem
1221 4158 1388 4209 'auditorem’
1412 4158 1529 4209 effinxit.

408 4245 478 4296 Inde
497 4244 596 4310 reliqui
619 4243 754 4309 pendent,
778 4244 832 4294 nisi
855 4243 928 4311 quod
946 4243 1126 4295 Dublinensis
1149 4244 1250 4309 aliquis
1273 4243 1360 4295 codex
1379 4241 1428 4306 (cf.
1447 4244 1529 4295 Oehl-

411 4344 474 4380 erus
493 4344 555 4380 ann.
574 4328 667 4395 philol.
679 4328 743 4382 LIV
761 4344 786 4395 p.
800 4328 859 4393 138)
879 4329 1046 4379 ‘Prouerbia
1055 4329 1187 4380 Varronis
1202 4328 1238 4379 ad
1247 4329 1436 4393 Papyriannm
1448 4344 1528 4380 sena-

410 4419 498 4466 torem
509 4414 601 4465 Rom’
621 4414 739 4465 exhibet.
778 4414 832 4478 Qui
850 4414 909 4464 siue
928 4413 982 4464 fuit
993 4414 1135 4465 Parianus
1153 4414 1261 4465 nomine
1280 4414 1339 4464 siue
1351 4415 1528 4480 Papinianus,

410 4497 529 4551 Athenis
552 4503 626 4551 certe
651 4499 739 4550 audiit
763 4499 783 4554 i.
806 4514 829 4549 e.
854 4496 956 4548 studiis
979 4498 1118 4561 incubuit,
1148 4497 1221 4564 quod
1243 4514 1297 4549 non
1320 4499 1412 4563 potuit
1436 4499 1528 4550 lacere

313 4603 315 4608 ·
413 4585 468 4635 nisi
487 4589 551 4636 ante
570 4601 596 4635 a.
610 4601 635 4653 p.
649 4584 712 4641 chr.
733 4587 794 4648 529,
815 4600 867 4650 quo
887 4600 958 4637 anno
977 4585 1087 4636 scholae
1104 4584 1145 4634 ibi
1163 4584 1274 4635 clausae
1294 4588 1365 4635 sunt.
1397 4584 1529 4635 Profecto
