3559 5709
554 708 661 766 nonus
684 707 781 764 FVGIT
804 707 857 776 QVI
880 706 963 763 SVOS
984 704 1102 761 FVGlT'
1314 695 1374 761 155

340 976 453 1060 Neque
475 974 510 1037 in
530 973 620 1038 bona
642 868 899 1057 segeteldulldin
922 979 972 1034 eat
994 970 1119 1056 spicum
1141 991 1298 1055 nequam,
1319 991 1373 1032 ne-

245 1100 318 1163 que
339 1077 375 1140 in
395 1073 483 1140 mula
503 1097 569 1140 non
591 1072 724 1161 aliquod
746 1074 878 1138 bonum.

682 1267 943 1337 AOFOMAXlA

338 1380 430 1446 Haeo
445 1379 608 1464 lanigeras
632 1379 802 1445 detonderi
825 1379 938 1445 docuit
954 1378 1164 1463 tunicamque
1180 1375 1371 1442 homullum.

455 1566 610 1632 nonan
632 1564 775 1631 nvom
799 1565 881 1647 ovi
903 1562 1015 1629 avos
1036 1562 1179 1628 uvam

764 1667 782 1731 Ι
805 1667 853 1752 11)

339 1767 404 1833 Sed
425 1770 475 1832 uti
498 1780 586 1834 serat
608 1770 689 1833 hacc
704 1769 870 1853 legumina
885 1776 955 1832 arte
970 1788 1074 1861 parua
1088 1766 1252 1853 paranda:
1277 1769 1373 1850 cicer,

247 1868 411 1950 emiliam,
436 1874 457 1951 †
478 1892 517 1934 ao
538 1870 687 1955 paregia3
712 1869 776 1934 alia
799 1869 910 1955 ospria
931 1868 1049 1933 ceteris
1074 1868 1276 1955 [relinquatl.
1389 1877 1407 1936 5

250 2075 344 2109 crum
364 2059 449 2108 etiam
468 2058 615 2109 scelestum
635 2064 662 2109 et
681 2058 861 2121 detestabile3
880 2060 923 2107 ita
936 2062 964 2108 et
976 2063 1175 2108 consecratum.
1195 2057 1328 2110 Afranius
1340 2087 1373 2094 -

249 2155 284 2165 -
304 2128 393 2177 Varro
410 2127 488 2191 Lege
504 2126 617 2176 Maenia
637 2126 751 2191 (minia
769 2125 839 2191 LW)
854 2166 860 2180 .
874 2166 880 2179 .
894 2125 911 2176 .'
965 2127 1005 2174 IX
1021 2126 1125 2175 Nonius
1144 2127 1206 2189 225,
1224 2128 1257 2175 22
1281 2126 1371 2191 ‘Spi-

178 2247 186 2264 '
250 2211 313 2245 cae
326 2221 359 2229 —
370 2194 527 2245 masculini.
548 2194 580 2247 M.
596 2194 703 2244 Tullius
716 2221 749 2228 -
760 2196 848 2244 Varro
861 2195 938 2259 Lege
955 2194 1068 2243 Maenia
1082 2191 1199 2256 (moeni
1207 2210 1223 2243 a
1241 2193 1311 2258 LW)
1326 2200 1372 2247 ...’

320 2261 548 2313 ΛΟΓΟΜΑΧΙΑ.
583 2264 661 2312 Inter
684 2261 952 2327 pseudotragoedias
976 2261 1094 2311 fortasse
1119 2263 1240 2327 pertinet
1259 2262 1294 2312 11.
1313 2279 1373 2326 pro-

249 2330 328 2395 legg.
351 2346 376 2395 p.
401 2332 442 2380 32.
483 2330 679 2395 Argumentum
703 2330 776 2379 idem
799 2331 857 2379 fere
885 2330 994 2379 uidetur
1021 2330 1121 2379 fuisse
1138 2330 1209 2393 quod
1231 2329 1373 2379 Armorum

249 2398 356 2447 iudicio
379 2397 538 2461 uindicaui,
561 2398 785 2463 philosophorum
809 2397 969 2464 disputatio.
1011 2397 1055 2446 Cf.
1075 2398 1279 2477 Porphyriotin
1305 2398 1372 2448 Hor.

249 2481 331 2515 serm.
344 2466 409 2527 114,
425 2467 438 2513 1
457 2466 626 2531 ‘Epicureos
644 2494 677 2502 -
696 2467 742 2531 qui
761 2466 864 2526 dicunt,
884 2480 1016 2515 summum
1035 2465 1136 2515 bonum
1154 2464 1266 2529 ηὸονην
1283 2481 1373 2515 rerum

247 2534 438 2594 honestarum¹
478 2534 557 2583 Vnde
584 2535 668 2585 stoici
694 2533 776 2598 gulae
805 2538 833 2583 11
861 2533 983 2599 corporis
1005 2532 1151 2583 libidinem
1178 2533 1371 2596 criminantem

250 2593 307 2667 τὴν
325 2592 488 2667 ἇταραχίαν
505 2600 556 2665 τῆς
578 2600 673 2667 ψυχῆς
696 2603 721 2650 11.
743 2618 766 2654 e.
785 2601 824 2649 nil
847 2603 945 2650 timere
968 2617 1020 2651 nec
1045 2617 1146 2667 cupere
1169 2616 1302 2651 summum
1324 2602 1371 2651 bo-

251 2684 317 2719 num
337 2684 408 2720 esse.
434 2669 510 2719 Vnde
528 2671 615 2720 Varro
635 2671 711 2731 dicit,
732 2669 910 2735 λογομαχίαν
928 2670 1081 2719 interillos
1101 2674 1183 2719 esse)
1236 2670 1372 2720 INonius

250 2738 310 2800 182,
332 2738 363 2786 16
377 2738 570 2869 {Tuniqaro
588 2753 637 2803 pro
655 2739 768 2787 uestire.
803 2739 892 2787 Varro
917 2737 1013 2799 (uaro
1031 2739 1077 2802 W)
1100 2738 1290 2803 Logomachia
1309 2737 1372 2802 (lo-

274 2820 370 2854 omac
403 2806 498 2854 eiaL
524 2809 585 2854 ...’

249 2822 268 2870 g
317 2871 444 2922 LONGE
462 2872 576 2923 FVGIT
600 2873 663 2934 QVI
684 2872 773 2923 SVOS
792 2874 915 2923 FVGIT.
951 2872 1078 2921 Saturam
1104 2888 1164 2923 ease
1191 2877 1288 2922 contra
1306 2875 1373 2923 stoi·

250 2956 299 2990 cos
318 2956 335 2989 a
352 2940 472 2990 humana
490 2941 627 2990 societate
647 2956 677 2990 se
696 2945 836 3005 exemptos
855 2941 975 3004 superbe
1002 2944 1131 3004 putantes
1151 2939 1285 2991 Oehlerus
1304 2942 1373 2990 dixit

248 3012 313 3073 post
325 3008 482 3057 Turnebum
501 3009 581 3057 adun.
595 3009 643 3057 XV
657 3011 699 3070 21,
719 3010 764 3072 qui
782 3010 893 3058 Terent.
908 3009 1017 3058 Phorm.
1036 3009 1059 3056 V
1072 3011 1095 3069 2,
1110 3012 1126 3058 3
1145 3009 1204 3057 ‘Ita
1222 3008 1315 3072 fugias
1336 3024 1371 3057 ne

248 3080 363 3141 praeter
389 3091 497 3136 oasam,
526 3076 599 3140 quod
626 3078 719 3125 aiuut’
747 3077 797 3125 XV
820 3080 835 3127 5
863 3092 992 3142 perquam
1022 3076 1161 3125 commode
1189 3078 1371 3140 comparauit.

247 3143 422 3193 Mercklinus
446 3148 543 3193 contra
564 3144 660 3209 philol.
679 3145 746 3194 XIII
770 3147 818 3194 717
844 3145 877 3193 de
903 3144 985 3195 exilio
1008 3144 1109 3193 librum
1132 3144 1231 3203 fuisse,
1257 3144 1301 3192 cui
1324 3144 1371 3193 ad·

248 3211 350 3261 scribit
375 3208 440 3277 περὶ
468 3210 575 3278 φυγῆς,
599 3212 669 3261 dixit
693 3217 720 3261 et
748 3212 843 3261 attulit
865 3212 1000 3262 Senecam
1023 3211 1126 3263 consol.
1151 3212 1185 3261 ad
1207 3210 1288 3260 Helu.
1308 3214 1337 3274 8,
1357 3216 1372 3262 3

249 3279 406 3329 ‘Aduersus
429 3279 518 3343 ipsam
540 3279 721 3329 mutationem
742 3280 879 3339 locorum,
906 3281 1042 3329 detractis
1068 3280 1169 3329 ceteris
1193 3280 1372 3329 incommodis

248 3361 322 3412 quae
342 3347 425 3397 exilio
445 3348 606 3409 adhaerent,
627 3349 697 3397 satis
715 3348 767 3397 hoo
786 3348 900 3397 remedii
918 3352 997 3412 putat
1014 3349 1110 3404 Varro,
1129 3348 1306 3397 doctissimus
1318 3348 1371 3396 Ro-

247 3430 405 3472 manorum,
434 3415 505 3480 quod
531 3431 692 3480 quocunque
719 3416 860 3478 uenimus,
889 3416 985 3465 eadem
1009 3431 1099 3465 rernm
1123 3421 1223 3464 natura
1240 3414 1371 3464 utendum

248 3486 313 3533 est!
349 3483 418 3533 Vter
434 3486 495 3533 utro
512 3484 618 3548 potior?
642 3484 813 3547 Fragmenta
838 3484 928 3547 magis
952 3483 1049 3531 fauent
1071 3484 1213 3540 Turnebo‚
1241 3482 1290 3531 sed
1309 3487 1373 3531 sunt

246 3552 420 3616 paucissima
443 3554 557 3600 tantum.
621 3552 759 3601 INonius
777 3552 840 3611 204,
861 3553 894 3599 22
929 3552 1065 3599 ‘Eruum
1088 3550 1198 3615 generis
1221 3551 1311 3600 neutri
1331 3554 1373 3601 est

247 3622 281 3667 ut
305 3618 473 3684 plerumque.
518 3620 658 3669 FemInini
685 3619 772 3668 Varro
800 3619 896 3683 Longe
923 3618 996 3682 fugit
1020 3619 1068 3683 qni
1086 3632 1148 3668 suos
1171 3618 1320 3683 fugit..)

245 3793 332 3847 iamt.
355 3799 455 3858 octou,
477 3793 510 3848 L.
531 3792 690 3849 Muellerus
712 3811 743 3864 p.
765 3796 815 3847 435
836 3809 878 3864 sq.
901 3793 992 3849 trocb.
1013 3799 1095 3865 sepa.
1119 3793 1335 3864 descripserunt
1358 3786 1370 3869 ll

249 3882 263 3930 1
288 3877 386 3933 bonam
408 3877 476 3932 LW
506 3885 629 3951 segetem
656 3878 704 3945 W,
728 3895 805 3933 corr.
829 3879 932 3933 Aldina
948 3870 962 3957 Η
1020 3877 1160 3950 2111111111
1181 3878 1333 3933 Mer-cerus
1357 3874 1369 3952 Η

247 3966 264 4017 3
287 3962 339 4018 hee
360 3963 398 4016 W
421 3963 509 4019 hiolec
529 3963 552 4017 L
570 3980 605 4017 ru.
619 3965 673 4033 lpr.
697 3959 748 4039 (cs.
772 3962 853 4018 Vaut.
867 3980 900 4033 p.
918 3962 977 4034 loo)
1011 3962 1108 4018 hillaeo
1123 3962 1146 4016 L
1161 3979 1197 4017 m.
1213 3976 1269 4017 sec.
1293 3960 1373 4017 111111

248 4048 355 4103 Aldina
370 4038 384 4127 Η
400 4047 642 4119 Aristophaneum
673 4047 817 4103 Vablerrus
833 4064 865 4117 p.
887 4051 919 4101 61
950 4048 1077 4107 inuenia-
1106 4046 1235 4102 [foslius
1254 4060 1370 4101 exerce.

245 4134 312 4189 erit.
324 4149 355 4203 p.
372 4136 404 4186 25
425 4134 626 4188 hexametrum
649 4139 755 4204 septem
772 4133 879 4202 pedum
895 4132 1066 4202 procreauit
1080 4122 1094 4209 ll
1151 4136 1168 4184 4
1189 4138 1220 4186 ul
1235 4132 1259 4185 is
1274 4129 1326 4203 (his
1342 4130 1373 4183 Η

245 4234 283 4271 m.
291 4216 351 4289 pr.)
368 4225 426 4273 erat
440 4218 493 4273 HL
501 4218 550 4281 W,
574 4233 650 4273 corr.
667 4217 790 4273 Rolbius
827 4217 917 4271 uictus
938 4224 998 4273 erat
1018 4216 1127 4287 Popmu
1141 4207 1156 4294 ll
1170 4230 1254 4289 pauca
1276 4215 1375 4270 HLW

246 4301 468 4376 parataluur‘us,
484 4304 539 4358 del.
552 4301 736 4357 Duentzerus
751 4303 767 4357 L
782 4318 806 4356 e.
818 4318 848 4371 p.
865 4303 924 4355 181).
956 4301 1032 4356 Num
1047 4302 1181 4373 panicum,
1198 4300 1275 4371 quod
1291 4299 1341 4355 Col
1362 4329 1373 4340 ·

245 4387 331 4441 mello
346 4386 367 4442 11
384 4389 492 4441 linter
507 4388 650 4460 legumina
668 4386 825 4444 numeret?
852 4386 970 4459 paranda
988 4385 1127 4441 oehlerus
1141 4376 1156 4463 ss
1191 4386 1282 4439 511111
1297 4384 1370 4440 Illam

245 4471 278 4526 H
291 4488 326 4525 m.
340 4489 387 4542 pr.
412 4471 533 4527 emiliam
550 4472 653 4528 lunius
676 4464 688 4551 ll
711 4472 872 4545 asparagis
893 4471 944 4526 alia
967 4472 1052 4544 spiris
1074 4471 1173 4525 notens
1189 4468 1288 4524 HLW
1305 4486 1370 4543 cepa

244 4558 337 4630 regia,
359 4556 422 4612 allia
443 4558 535 4630 cypria
555 4557 658 4613 Iunius
686 4557 785 4630 spireio
813 4557 861 4611 uel
880 4574 911 4611 ac
931 4573 997 4628 pyra
1015 4555 1178 4610 Pulmerr‘us
1214 4572 1371 4628 asparagos,

244 4640 312 4704 alia,
328 4642 470 4715 asperiora
487 4644 587 4709 ceteris
605 4642 744 4710 oehlerus
760 4658 792 4697 ac
806 4640 972 4714 farraginem
988 4640 1020 4697 ad
1035 4640 1126 4724 osprirr
1142 4647 1243 4696 cretam
1260 4640 1371 4718 Roepe-
