3559 5709
357 716 400 781 48
832 721 961 778 capvt
990 723 1000 778 l

357 884 404 948 les
435 905 595 967 ouvrages
625 882 666 946 de
688 882 734 948 M.
758 883 797 945 Τ.
828 882 904 966 (sict
928 883 1088 965 Varron’,
1117 906 1156 948 ea
1178 906 1210 969 p.
1235 892 1275 955 39
1299 884 1471 971 appellarit

358 983 608 1070 ‘d'ingenieuses
637 987 865 1071 conjectures'.
911 974 1110 1059 Ἱπποκύνος
1138 987 1224 1050 enim
1252 984 1473 1071 fragmentum

358 1090 560 1166 ‘Apollonium
577 1092 644 1149 idco
659 1093 830 1162 excoriant,
856 1093 929 1164 qaia
944 1092 1022 1150 nihil
1036 1092 1178 1152 habetat'
1201 1109 1268 1152 non
1290 1087 1473 1153 illustratur

357 1186 497 1273 epistula
520 1186 686 1250 Ciceronis
709 1186 752 1250 ad
775 1187 844 1251 Att.
869 1186 919 1250 IV
943 1201 980 1269 7,
1006 1198 1039 1270 1,
1064 1210 1129 1274 qua
1151 1188 1281 1253 scribit:
1308 1193 1360 1254 ‘de
1383 1196 1472 1271 Apol·

357 1295 437 1353 Ionio
460 1295 542 1368 qaod
561 1294 682 1366 scribis,
710 1295 764 1367 qai
783 1294 830 1352 illi
852 1295 885 1352 di
904 1296 996 1353 irati!
1031 1295 1146 1353 homini
1166 1296 1303 1372 Gracco,
1332 1299 1389 1371 qui
1407 1314 1474 1357 coa·

357 1398 482 1455 tartare
502 1397 620 1470 quidem
635 1401 729 1470 putat
749 1395 808 1455 siti
827 1396 929 1467 licere,
954 1397 1036 1470 qaod
1056 1397 1203 1470 equitibus
1218 1397 1388 1457 Romanis:
1408 1416 1475 1458 acra

361 1496 518 1556 Terentius
544 1514 598 1557 sao
619 1499 708 1557 iure?
764 1491 848 1555 Nam
872 1492 1067 1579 Apollonius
1098 1491 1152 1557 ille
1180 1516 1246 1559 non
1275 1495 1474 1577 excuriatur,

358 1592 416 1658 sed
439 1596 509 1680 ipse
532 1594 642 1659 nescio
666 1593 745 1679 quid
768 1594 958 1677 conturbat,
982 1603 1079 1680 atque
1102 1596 1130 1658 si
1153 1594 1253 1659 etiam
1269 1598 1475 1661 excuriatum

357 1694 449 1759 illum
471 1695 602 1760 Atticus
626 1695 710 1759 forte
733 1696 913 1781 scripserat
942 1695 998 1781 (de
1020 1718 1085 1782 qua
1106 1718 1142 1759 rc
1163 1695 1211 1759 nil
1233 1697 1325 1782 apud
1348 1696 1475 1763 Cicero-

358 1796 463 1881 nem),
492 1820 558 1861 non
579 1797 656 1882 quia
677 1796 758 1860 nihil
781 1797 939 1877 habebat,
969 1796 1027 1861 sed
1056 1798 1133 1883 quia
1156 1798 1388 1881 conturbauit,
1418 1799 1476 1863 hoc

358 1898 482 1963 factum
504 1898 611 1961 fuerit.
656 1898 729 1962 Non
753 1908 861 1962 autem
883 1896 1014 1962 facilius
1038 1921 1136 1984 quam
1158 1887 1343 1962 Ἱπποκύνα
1365 1900 1475 1965 Serra-

359 2025 436 2064 num
459 2023 543 2064 anno
567 2020 625 2064 suo
648 2000 881 2083 attribuemus3
904 1999 1012 2064 nullus
1037 2000 1123 2064 enim
1145 1999 1258 2065 Attico
1279 1998 1371 2065 locus
1382 2002 1408 2088 ¹)
1431 2001 1475 2086 fg.

358 2103 419 2185 Vl,
443 2126 460 2167 e
483 2124 546 2189 quo
568 2102 699 2167 nomine
716 2100 874 2167 Oehlerus
897 2111 1025 2189 tempus
1045 2102 1265 2187 quaesiuerat,
1289 2102 1350 2165 sed
1372 2102 1474 2168 Atilio

345 2206 415 2289 ⁸qui
442 2204 574 2269 uidetur
602 2226 674 2267 esse
696 2203 820 2268 Atilius
843 2202 1003 2268 Serranus
1031 2202 1116 2269 libro
1145 2203 1409 2290 superscriptus,
1441 2202 1476 2267 id

359 2306 447 2391 quod
462 2305 672 2371 Vollbehrius
696 2306 777 2383 dier.
801 2304 863 2369 litt.
879 2305 981 2391 antiq.
1006 2314 1086 2376 1847
1109 2329 1140 2391 p.
1158 2314 1219 2375 524
1241 2314 1331 2369 recte
1347 2306 1474 2377 statuit.

358 2408 498 2474 Omnino
521 2419 630 2474 autem
652 2408 774 2472 insanit
796 2406 965 2489 Oehlerus,
988 2407 1046 2471 ubi
1069 2428 1111 2470 ex
1132 2405 1196 2490 frg.
1218 2406 1281 2471 inc.
1301 2406 1375 2471 XII
1398 2417 1475 2472 tem-

358 2532 419 2595 pus
436 2511 505 2574 eius
533 2510 666 2575 definire
692 2510 802 2573 audet.
849 2508 995 2571 Primum
1020 2508 1107 2571 euim
1133 2506 1204 2571 sola
1228 2508 1334 2574 uerba
1356 2515 1473 2574 ‘hirun-

360 2617 478 2675 dinibus
499 2618 651 2691 lrospitr's'.
665 2609 721 2696 (cf.
738 2610 785 2695 fg.
800 2612 863 2674 inc.
886 2608 989 2697 XIII)
1013 2608 1056 2673 ad
1078 2609 1262 2674 Varronem
1284 2609 1333 2675 ibi
1354 2610 1474 2690 referri

359 2713 551 2778 Krahnerus
579 2713 676 2777 Varr.
700 2712 798 2776 Curio
825 2736 858 2798 p.
881 2720 922 2780 20
950 2711 1145 2797 perspexit,
1171 2711 1231 2775 sed
1258 2711 1314 2776 fac
1340 2721 1379 2776 ut
1407 2722 1476 2778 tota

360 2815 523 2880 sententia
545 2838 587 2879 ex
609 2815 756 2880 Varrone
778 2815 973 2900 deprompta
995 2814 1054 2896 sit,
1089 2814 1169 2899 quid
1195 2813 1274 2879 inde
1301 2813 1474 2897 efficietur,

358 2918 423 2981 nisi
446 2919 600 3004 scriptam
616 2939 688 2981 esse
703 2927 876 3005 postquam
892 2916 1100 3002 praedonum⁵
1109 2916 1350 2981 maritimorum
1364 2927 1474 2981 uasta-

306 3064 318 3081 ,.
358 3022 463 3086 tiones
480 3021 544 3083 iam
560 3021 773 3107 inceperunt?
795 3028 926 3105 poterat
948 3018 1052 3101 igitur
1073 3028 1106 3082 et
1128 3028 1205 3083 ante
1227 3027 1261 3082 et
1282 3029 1359 3104 post
1380 3019 1474 3083 Pom·

358 3124 411 3207 pei
433 3121 554 3185 bellum
577 3123 752 3208 piraticum
775 3120 949 3201 conscribi,
973 3120 1187 3207 omnibusque
1202 3120 1362 3185 Varronis
1385 3120 1474 3185 uitae

358 3223 452 3310 annis
475 3221 590 3286 eodem
611 3226 681 3288 iure
704 3223 877 3288 tribuetur.
911 3260 954 3268 —
985 3222 1058 3287 Hoc
1084 3244 1185 3286 unum
1214 3231 1357 3288 statuere
1386 3220 1473 3303 licet,

358 3325 559 3413 aliquantum
573 3326 638 3389 iam
654 3326 810 3412 temporis
827 3334 902 3388 ante
924 3347 954 3387 a.
971 3332 1031 3394 709
1055 3346 1129 3387 eum
1145 3334 1274 3389 saturas
1289 3322 1475 3409 reliquisse,

358 3449 420 3513 quo
444 3451 528 3493 anno
552 3428 665 3492 Cicero
688 3426 825 3493 Acadl
849 3434 878 3508 2,
904 3436 922 3497 8
945 3449 1020 3489 eum
1042 3437 1170 3491 saturas
1195 3436 1312 3492 ‘uetera
1333 3434 1403 3491 saa’
1428 3425 1473 3490 di-

358 3541 484 3594 centem
511 3531 659 3594 induxit:
689 3552 767 3593 sanc
795 3539 872 3594 tuno
888 3528 1149 3613 septuagenario
1177 3528 1242 3591 iam
1263 3529 1370 3593 maior
1393 3537 1474 3593 erat.

358 3632 449 3696 Inter
485 3641 666 3716 postremas
704 3631 862 3717 pertinuit
912 3630 1054 3693 fortasse
1095 3652 1192 3716 quam
1236 3630 1473 3713 sexagenarius

357 3731 489 3795 uidetur
511 3733 698 3818 scripsisse,
722 3732 932 3816 Sexagessis,
956 3731 998 3794 cf.
1020 3730 1242 3795 Mommsenus
1265 3731 1355 3796 Hist.
1377 3730 1474 3796 Rom.

358 3832 633 3921 111p.59'4n0t.:
659 3832 725 3897 ‘die
742 3834 863 3898 Skizze
885 3832 1006 3918 gleicht
1029 3833 1087 3897 der
1108 3831 1371 3898 catilinarischen
1385 3834 1474 3915 Zeit,

357 3937 441 4001 kura
464 3934 548 4000 nach
571 3935 710 4000 welches
733 3937 801 4021 (um
817 3936 892 4020 697)
917 3936 964 3999 sie
981 3934 1038 3998 der
1053 3935 1118 3999 alte
1133 3934 1237 3998 Manu
1257 3935 1476 4019 geschrieben

356 4040 464 4105 haben
485 4044 600 4120 muss,'
624 4038 675 4102 cui
697 4039 724 4102 si
747 4061 789 4101 ex
803 4037 923 4102 indolis
940 4036 1151 4101 similitudine
1168 4035 1363 4101 concludere
1378 4036 1474 4119 uelis,

357 4138 710 4223 Γεροντοὸιὸάσκαλος
741 4141 811 4206 fere
845 4138 991 4226 aequalis
1021 4148 1101 4203 erat.
1155 4138 1303 4202 Manium
1331 4138 1475 4226 denique

444 4418 468 4480 1)
489 4419 542 4480 Qui
560 4420 585 4467 si
603 4418 716 4480 inesset,
735 4420 797 4482 post
816 4430 841 4463 a.
856 4430 882 4463 u.
903 4416 952 4464 689
971 4414 1071 4463 librum
1090 4414 1274 4478 conscriptum
1294 4429 1356 4463 esse
1375 4399 1488 4480 seque-⁸

358 4506 442 4565 retur,
461 4517 513 4566 quo
528 4519 599 4552 anno
612 4502 719 4552 Atticus
732 4502 845 4550 Romam
864 4499 1008 4563 migrauit,
1029 4514 1113 4563 quare
1132 4501 1281 4547 ‘toraniam
1300 4503 1391 4549 tectuc'
1412 4515 1474 4551 esse

358 4601 412 4637 non
435 4588 524 4652 potuit
546 4592 637 4650 antea.
674 4587 728 4637 Sed
752 4592 826 4635 ‘cura
848 4588 1001 4634 rancescere’
1033 4586 1060 4632 in
1087 4588 1185 4633 senatu
1210 4583 1285 4633 illius
1308 4601 1363 4635 non
1386 4585 1475 4636 fuisse

359 4672 429 4723 bene
449 4674 557 4735 scimus,
578 4674 614 4725 ct.
631 4674 724 4738 Nepos
743 4670 797 4721 Att.
818 4687 840 4723 c.
860 4672 884 4723 6.
