3559 5709
339 717 402 781 250
708 726 740 783 ll.
761 725 901 783 TEREN'll
922 726 1085 820 VARRONIS

836 888 959 954 XVIII

424 994 444 1069 's
466 990 612 1054 Fortuna
634 1013 669 1055 sc
696 989 769 1056 illos
792 1013 859 1056 non
886 999 1005 1056 natura
1031 1000 1216 1077 praestare,
1246 993 1384 1080 siquid
1414 994 1467 1058 his

338 1091 451 1157 datum
474 1094 516 1156 sit
538 1091 750 1158 esculentum.
1022 1086 1031 1103 '

422 1298 504 1362 Mihi
526 1320 628 1383 puero
650 1297 782 1363 modica
803 1320 870 1362 una
897 1296 963 1363 fuit
989 1298 1101 1363 tunica
1128 1306 1161 1362 et
1187 1308 1284 1382 toga,
1316 1300 1391 1364 sine
1417 1300 1466 1363 fa-

337 1399 419 1464 sceis
443 1398 679 1481 calceamenta,
707 1422 785 1465 ecus
811 1400 882 1465 sine
904 1399 1073 1485 ephippio,
1097 1398 1250 1465 balneum
1277 1423 1350 1466 non
1371 1403 1467 1468 cotti-

337 1501 485 1582 dianum,
509 1499 621 1566 alueus
644 1523 750 1567 rarus.
1357 1505 1359 1507 ’

421 1704 488 1769 Alii
514 1705 562 1768 ita
592 1713 667 1769 sunt
701 1705 912 1772 circumtonsi
945 1715 978 1770 et
1004 1706 1081 1771 terti
1110 1713 1207 1792 atque
1241 1707 1396 1790 unctuli‚
1431 1717 1469 1771 ut

335 1807 505 1894 mangonis
530 1829 601 1873 esse
623 1806 797 1873 uideantur
819 1808 917 1874 serui.

852 1926 940 1992 XXI

420 2029 536 2114 Itaque
553 2029 752 2094 Ambraciae
771 2028 912 2115 primum
930 2028 1084 2115 capillum
1098 2029 1259 2117 puerilem
1275 2029 1466 2117 dempturn,

335 2131 413 2196 item
436 2131 538 2196 cirros
562 2130 604 2194 ad
627 2129 813 2216 Apollinem
834 2153 956 2217 ponere
978 2131 1094 2197 solent.

840 2250 947 2316 XXII

418 2353 683 2419 Remotissimum
706 2352 748 2416 ad
771 2353 966 2418 discendum
987 2352 1126 2418 formido
1150 2376 1188 2417 ae
1211 2354 1342 2418 nimius
1366 2356 1468 2421 timor

335 2464 368 2520 ct
390 2455 495 2520 omnis
518 2455 722 2542 perturbatio
752 2454 869 2538 animi3
900 2464 1014 2521 contra
1042 2453 1215 2521 delectatio
1245 2456 1402 2542 protelat
1425 2457 1468 2521 ad

334 2556 539 2621 discendum.

744 2685 748 2691 ‘
830 2675 957 2741 XXIII

418 2777 493 2842 Non
515 2777 619 2842 solum
641 2777 696 2864 qui
718 2768 843 2864 primus
871 2778 906 2841 in
933 2777 1094 2843 alterutra
1120 2800 1155 2841 re
1184 2787 1341 2863 praestet
1367 2780 1466 2863 alios,

334 2879 393 2944 sed
416 2881 514 2944 etiam
537 2880 593 2967 qui
616 2881 660 2943 sit
681 2881 845 2947 sccundus
869 2887 902 2945 et
924 2879 1052 2945 tertiae.

414 3117 552 3199 Omnia,
575 3118 723 3204 inquam,
745 3118 779 3181 in
801 3117 958 3183 docendis
980 3119 1106 3205 pueris,
1129 3141 1215 3205 quae
1231 3120 1378 3207 dempta
1402 3144 1468 3185 non

333 3218 508 3306 prohibent
529 3241 644 3283 uerum
667 3221 788 3285 bonum
810 3220 898 3301 fieri,
921 3218 1101 3284 mediocria
1123 3229 1209 3284 sunt.

839 3355 943 3420 XXV

418 3457 538 3522 Omnes
574 3458 661 3525 enim
694 3458 750 3542 qui
788 3455 941 3522 locuntur
979 3457 1102 3523 habere
1136 3456 1258 3523 debent
1296 3461 1466 3546 quosdam

335 3558 448 3625 melos.

833 3660 953 3725 XXVI

415 3761 520 3826 Melos
544 3760 684 3827 alterum
705 3764 740 3827 in
763 3762 913 3827 cantibus
937 3772 987 3827 est
1007 3762 1216 3849 bipertitum3
1240 3786 1347 3829 unum
1373 3770 1464 3854 quod

332 3865 439 3930 estin
461 3886 538 3929 assa
559 3886 657 3946 uoce,
681 3860 819 3929 alterum
841 3864 929 3952 quod
950 3874 1073 3931 uocant
1095 3864 1289 3950 organicon.

822 3982 961 4049 XXVII

415 4088 535 4151 Persae
558 4095 693 4172 propter
715 4085 967 4152 exercitationes
990 4084 1125 4172 puerilis
1147 4084 1293 4152 modicas
1317 4110 1359 4153 eo
1384 4100 1463 4155 sunt

330 4278 424 4330 XVIII
436 4277 541 4328 Nonius
555 4278 604 4327 108
616 4290 638 4325 s.
652 4289 678 4324 ιι,
697 4275 885 4327 Esculentum.
905 4276 1064 4326 fortunas
1082 4290 1117 4325 se
1130 4274 1210 4328 Leid.
1261 4275 1330 4327 XIX
1349 4278 1461 4329 Nonius

332 4348 380 4397 108
393 4361 414 4398 s.
427 4361 453 4398 ιι,
476 4344 652 4418 Ephippium.
681 4343 904 4393 calciamenti
921 4344 954 4396 N.
1006 4343 1057 4393 XX
1075 4344 1182 4394 Nonius
1200 4345 1249 4394 179
1268 4359 1290 4394 s.
1310 4359 1338 4393 ιι.
1360 4348 1460 4397 Terta.

330 4411 380 4477 ita]
401 4418 435 4462 ta
453 4414 477 4463 N
495 4414 648 4478 magonis
665 4412 691 4462 N
741 4412 807 4464 XXI
824 4412 930 4462 Nonius
948 4414 982 4462 94
994 4428 1016 4466 s.
1034 4427 1061 4464 ιι.
1081 4410 1183 4465 Oirros.
1245 4412 1330 4463 XXII
1349 4414 1460 4466 Nonius

331 4483 379 4531 363
392 4496 414 4532 s.
427 4497 453 4531 u.
472 4481 625 4532 Protelare.
645 4480 744 4530 nimis
757 4481 781 4530 N
799 4479 934 4545 protelo
946 4481 971 4530 N
989 4478 1209 4542 disce(n)dunt
1225 4480 1250 4530 N
1290 4480 1392 4534 XXIII
1407 4485 1461 4535 No·

330 4549 393 4599 nius
410 4551 459 4600 602
476 4549 586 4599 datiuus
603 4565 652 4615 pro
672 4548 797 4600 ablatiuo
815 4548 861 4614 (Ρ)
909 4547 1000 4599 XXIV
1015 4548 1120 4599 Nonius
1140 4548 1191 4598 520
1212 4562 1234 4597 s.
1252 4562 1280 4597 ιι.
1304 4548 1460 4604 Modestia.

332 4616 495 4681 quaedam
518 4621 552 4666 ta
575 4617 667 4670 Guelf.
692 4617 880 4668 mediocria
899 4616 1033 4666 modica
1057 4620 1135 4668 sunt
1155 4615 1189 4666 N.
1251 4616 1331 4667 XXV
1349 4618 1462 4669 Nonius

331 4686 380 4735 213
394 4699 416 4735 s.
430 4699 455 4736 ιι.
475 4684 573 4737 Melos.
592 4685 776 4751 loquuntur
794 4686 829 4736 W
846 4683 1002 4736 debcant
1017 4684 1050 4738 N.
1090 4681 1195 4746 vXXVI
1212 4683 1321 4736 Nonius
1340 4688 1377 4737 77
1396 4704 1420 4741 s.
1434 4704 1461 4741 ιι.
