3559 5709
812 710 987 767 CAPVTll
1415 706 1457 772 85

330 899 448 944 uersus
466 876 597 963 quidem
611 875 704 941 fieret
719 874 899 960 elegantior
920 873 983 938 bac
1005 896 1039 937 re
1055 883 1200 960 accepta,
1222 874 1358 940 nimium
1378 898 1457 941 uero

331 979 497 1046 eiusmodi
518 971 654 1045 libertas
677 978 869 1043 aVarronis
893 966 1038 1041 moribus
1061 976 1235 1041 abhorreat
1257 999 1458 1065 caesuraque

331 1106 398 1149 non
420 1084 456 1146 in
482 1080 626 1145 medium
652 1102 785 1145 uersum
808 1078 1051 1166 anapaesticum
1072 1078 1205 1161 cadens,
1228 1101 1326 1165 quam
1347 1103 1457 1148 mono·

331 1184 472 1250 metrica
493 1179 551 1247 illa
572 1204 725 1246 mensura
746 1181 842 1262 tollit,
866 1203 886 1244 a
908 1179 1059 1246 Varrone
1075 1202 1116 1244 ne
1138 1180 1245 1244 aliena
1266 1182 1398 1268 quidem
1414 1182 1458 1247 sit

333 1286 393 1373 (cf.
416 1285 494 1352 Dol.
518 1294 584 1349 aut.
608 1307 669 1350 ser.
693 1307 726 1347 u.
750 1291 780 1353 2.
805 1291 833 1351 6.
855 1281 894 1347 L.
919 1282 1096 1347 Muellerus
1124 1305 1155 1369 p.
1179 1285 1268 1368 203).
1305 1283 1457 1349 Ceterum

331 1389 377 1455 cf.
401 1387 570 1453 Vahlenus
593 1410 625 1474 p.
651 1394 691 1455 60
715 1409 763 1473 sq.
787 1393 838 1457 72.
875 1387 914 1454 L.
930 1385 1107 1450 Muellerus
1130 1408 1163 1471 p.
1181 1394 1250 1455 ’146
1273 1408 1322 1471 sq.

304 1514 308 1521 ·
420 1490 687 1555 Sotadeorum
716 1511 871 1555 uersuum
900 1511 979 1553 usus
1009 1488 1146 1553 Varroni
1174 1510 1241 1553 non
1269 1498 1319 1553 est
1352 1509 1456 1570 rarus,

332 1616 443 1679 quern,
468 1592 533 1656 nisi
555 1592 684 1657 Ennius
708 1592 886 1677 Attiusque
908 1590 1002 1655 libris
1025 1614 1057 1678 p.
1082 1598 1122 1659 60
1149 1590 1336 1655 memoratis
1364 1612 1457 1676 prae·

330 1695 455 1777 issent,
484 1694 520 1757 in
542 1694 601 1758 tali
623 1693 694 1759 uir'o
722 1716 788 1759 non
812 1692 984 1757 debuimus
1008 1702 1193 1780 expectare.
1238 1690 1364 1757 Horum
1384 1713 1456 1755 uer·

331 1819 430 1861 suum
440 1796 564 1871 formas
579 1795 777 1879 multigenas
791 1817 871 1880 quas
883 1794 1114 1859 Lachmannus
1125 1794 1194 1858 ind.
1206 1791 1315 1859 Berol.
1327 1794 1456 1860 hibern.

333 1908 419 1970 1849
440 1921 474 1985 p.
497 1908 516 1966 4
539 1908 708 1962 enumerat
729 1899 764 1960 in
785 1898 945 1974 Varronis
968 1896 1080 1981 paucis
1103 1895 1250 1983 reliquiis
1275 1898 1457 1982 (quattuor-

331 1998 440 2065 decim
462 2007 613 2064 constant
634 1999 841 2084 fragmentis)
864 2008 992 2063 tantum
1012 2020 1077 2063 non
1100 2019 1210 2062 omnes
1239 1998 1457 2084 reperiuntur,

330 2124 409 2166 cum
424 2101 490 2165 tria
504 2111 632 2166 tantum
647 2124 690 2165 cx
704 2100 858 2164 undecim
872 2100 987 2165 formis
1003 2123 1021 2164 e
1043 2100 1159 2165 ionicis
1183 2110 1206 2163 a‘
1218 2099 1363 2186 spondeo
1378 2099 1457 2163 inci·
1576 2091 1579 2097 ’

331 2203 502 2291 pientibus
526 2202 675 2267 deductis
698 2225 764 2267 non
786 2201 875 2288 apud
902 2201 995 2266 illum
1023 2211 1136 2267 extent
1159 2201 1220 2286 (--
1240 2222 1300 2267 ν-;
1319 2214 1360 2254 ἐν
1377 2235 1444 2287 ν-,ν

331 2318 376 2357 όν
393 2339 412 2357 υ
429 2349 448 2357 -
465 2306 516 2389 -.)
545 2305 649 2369 Extat
666 2326 745 2369 uero
763 2326 859 2389 quem
874 2303 963 2368 idem
979 2326 1011 2390 p.
1025 2312 1043 2373 3
1060 2326 1108 2390 sq.
1125 2303 1270 2370 Varroni
1287 2302 1458 2370 abiudicat

332 2405 511 2471 molossus:
537 2409 599 2471 ‘cic
620 2414 791 2471 censum'
813 2407 906 2493 Sesq.
926 2405 1029 2489 XX13
1054 2407 1196 2486 ‘sufflare
1209 2416 1256 2471 et'
1272 2402 1351 2470 ibid.
1372 2404 1456 2488 VII3

332 2510 479 2573 ‘telesilla’
495 2507 549 2572 uel
565 2512 727 2573 ‘tonsillae’
750 2508 829 2572 Des.
848 2507 881 2590 13
907 2517 1022 2573 extant
1037 2508 1135 2573 etiam
1156 2508 1192 2571 ni
1213 2506 1310 2571 fallor
1332 2506 1457 2572 formae

333 2632 417 2697 quas
444 2610 674 2674 Lachmannus
704 2634 769 2674 non
786 2609 1065 2674 'commemorauit
1091 2632 1138 2663 ι-
1156 2643 1193 2662 w
1212 2644 1229 2662 υ
1247 2620 1280 2675 et
1307 2631 1372 2663 2w
1390 2654 1409 2662 -
1427 2644 1455 2693 ν,

332 2734 473 2798 quorum
495 2712 585 2799 prius
608 2714 694 2777 inest
708 2711 868 2776 librorum
883 2711 1017 2776 lectioni
1037 2713 1143 2790 ‘mripit
1164 2717 1257 2789 bouis,
1284 2712 1369 2793 olurb’
1386 2733 1457 2799 sqq.

333 2814 440 2880 Abor.
464 2814 498 2896 I,
525 2814 583 2880 ubi
610 2814 779 2900 antiquam
806 2813 947 2879 formam
975 2820 1059 2878 bouis
1087 2835 1161 2876 cum
1189 2813 1401 2878 Lachmanno
1423 2814 1457 2877 in

333 2916 421 2981 ‘bos'
450 2925 577 2980 mutare
605 2916 699 2997 nolo,
723 2917 873 3001 quamuis
902 2915 1010 2980 Varro
1039 2915 1109 3000 ipse
1138 2914 1178 2978 de
1206 2914 1227 2977 l.
1255 2913 1277 2979 l.
1299 2914 1387 2979 VIII
1416 2925 1456 2985 74

332 3039 441 3082 eame
463 3017 700 3082 consuetudine
722 3017 885 3094 excidisse
907 3016 1034 3099 tradat3
1058 3016 1115 3081 sed
1137 3038 1242 3101 neque
1257 3025 1381 3080 certum
1395 3016 1458 3079 hoc

326 3130 387 3185 'est
408 3119 677 3206 impedimentum
699 3121 871 3206 quominus
901 3119 935 3181 in
959 3118 1138 3183 ‘ueteribus
1166 3118 1247 3182 suis'
1270 3117 1332 3181 hoc
1360 3138 1456 3181 uoca-

332 3220 449 3287 bulum
471 3221 668 3303 adhibuerit,
692 3218 797 3308 neque
821 3221 951 3284 omnino
974 3222 1021 3283 ita
1043 3219 1211 3285 codicibus
1228 3219 1457 3305 imperandum

333 3332 432 3410 putu,
461 3335 499 3389 ut
520 3323 603 3388 tales
625 3323 747 3388 formas
770 3345 848 3387 uere
871 3330 1019 3385 uetustas
1042 3321 1249 3409 librariisque
1272 3322 1455 3406 incognitas

332 3447 414 3489 casu
442 3424 550 3511 aliquo
584 3426 763 3511 inrepsisse
790 3435 984 3489 statuamus.
1034 3423 1185 3507 Alterum
1212 3422 1295 3487 illud
1321 3446 1386 3476 ew
1402 3466 1421 3476 -
1438 3457 1457 3477 ν

333 3527 423 3591 inest
449 3526 592 3592 fortasse
620 3526 732 3591 uerbis
766 3548 799 3592 rr.
821 3525 887 3607 uio.
911 3526 947 3590 Il
975 3527 1079 3589 ‘litora
1108 3530 1224 3607 offrir,
1255 3547 1318 3612 quo
1347 3534 1457 3590 tamen

333 3627 406 3693 loco
438 3628 474 3691 in
506 3627 646 3714 procliui
679 3639 730 3693 est
761 3630 888 3693 ‘oreris'
922 3649 996 3690 cum
1022 3626 1233 3693 Lachmanno
1268 3627 1410 3692 scribere
1420 3628 1456 3713 ¹).

334 3728 514 3795 ansuram
536 3740 612 3817 post
633 3730 776 3795 ionicum
798 3728 978 3793 secundum
993 3729 1165 3793 instituere
1180 3753 1245 3795 non
1260 3730 1399 3795 curauit.
1416 3768 1457 3777 —

334 3832 460 3896 Versus
483 3819 580 3918 porro
603 3832 761 3896 ionicus
790 3855 809 3896 a
836 3830 1025 3917 pyrrhichio
1053 3830 1247 3917 incipientes
1276 3842 1352 3896 ante
1373 3832 1456 3896 Var-

332 3955 449 3997 ronem
470 3955 535 3996 non
556 3933 699 3998 fortasse
721 3933 887 3997 adhibitos
910 3932 1068 3998 habemus
1096 3943 1323 3998 tetrametrum
1345 3944 1455 3997 cata·

333 4034 527 4099 lecticum
555 4036 646 4100 Test.
676 4036 710 4117 I,
745 4034 1017 4100 acatalectum
1051 4043 1160 4099 autem
1187 4035 1233 4119 fg.
1261 4035 1326 4098 inc.
1355 4033 1454 4115 XIII,

333 4136 447 4223 quales
475 4136 706 4201 Lachmannus
734 4137 768 4200 in
790 4137 887 4201 Lucr.
911 4136 961 4200 IV
993 4144 1075 4207 1275
1101 4136 1315 4202 iambionicos
1346 4135 1454 4221 appel-

331 4238 427 4319 lauit,
444 4237 617 4303 Diomedis
633 4262 665 4326 p.
678 4250 739 4311 517
754 4238 876 4320 uerbis,
893 4248 930 4302 ut
945 4246 1033 4303 recte
1048 4237 1086 4301 L.
1099 4236 1276 4302 Muellerus
1288 4259 1324 4329 p.
1339 4246 1399 4307 109
1407 4260 1454 4324 sq.

421 4494 446 4558 1)
477 4496 557 4547 Haec
587 4497 673 4563 igitur
703 4496 802 4562 pedum
832 4498 957 4546 uarietas
989 4496 1018 4544 in
1046 4494 1170 4545 sotadeis
1197 4494 1331 4545 Varronis
1362 4500 1455 4547 extat:

329 4598 462 4643 --⁹23
493 4599 642 4644 vsa-NJ
672 4600 801 4645 -.amq
834 4614 870 4631 w
887 4613 924 4632 w
940 4612 977 4631 w
999 4578 1167 4645 (Octog.1);
1198 4620 1217 4629 -
1234 4621 1252 4629 -
1270 4598 1301 4642 -;
1332 4600 1454 4645 -υ.υ;

329 4706 349 4717 -
362 4698 382 4717 υ
394 4707 413 4718 .
426 4684 459 4730 -;
478 4707 497 4715 -
509 4706 528 4716 -
541 4707 559 4716 -
572 4664 1017 4733 „(Pr0m.V11.Sesq.xxl);-
1030 4706 1047 4715 -
1061 4682 1128 4728 υνυς
1148 4662 1179 4729 (-
1192 4696 1258 4716 w-
1271 4665 1308 4731 υ).

1241 4862 1249 4905 i
