3559 5709
625 700 715 764 ΠΕΡΙ
739 700 980 765 ΕΔΕΕΜΑΤΩΝ
1310 702 1370 765 193

249 867 416 955 profunda
436 866 598 953 ingluuies
622 869 811 953 uestigauit,
835 891 918 954 quae
939 869 1046 935 Varro
1070 870 1274 955 obprobrans
1297 893 1370 934 exc-

251 979 346 1035 cutus
369 980 435 1051 est,
458 968 539 1034 haec
563 980 639 1036 sunt
660 969 777 1050 ferme,
807 980 965 1057 quantum
986 972 1082 1035 nobis
1105 973 1281 1036 memoriae
1304 982 1368 1037 est:

250 1084 279 1142 5.
303 1074 413 1137 Pauus
442 1094 460 1136 e
490 1072 603 1154 Samo,
632 1070 779 1158 Phrygia
801 1082 974 1157 attagena,
997 1095 1095 1157 grues
1117 1073 1271 1156 Melicae,
1295 1074 1369 1137 hae·

250 1174 311 1239 dns
335 1197 377 1238 ex
399 1174 588 1255 Ambracia,
610 1173 747 1259 pelamis
771 1172 1007 1246 Chalcedonio,
1030 1197 1165 1238 murena
1187 1176 1368 1256 Tartessia,

249 1274 343 1341 aselli
358 1276 573 1358 Pessinuntii,
595 1286 705 1340 ostrea
720 1274 866 1356 Tarenti,
890 1276 1104 1361 pectunculus
1129 1279 1151 1360 [.
1171 1325 1179 1340 .
1197 1279 1232 1360 .],
1255 1275 1368 1362 helops
1387 1289 1406 1347 5

248 1376 416 1458 Rhodius,
440 1377 526 1441 scari
549 1375 685 1457 Cilices,
721 1397 820 1440 nuces
849 1376 1006 1458 Thasiae,
1041 1377 1149 1464 palma
1193 1378 1369 1465 Aegyptia,

248 1478 344 1563 glans
372 1480 540 1545 Hiberica.
591 1486 621 1547 6.
650 1478 746 1541 Hanc
774 1488 883 1544 autem
917 1479 1121 1564 peragrantis
1150 1478 1246 1564 gulae
1276 1490 1309 1544 et
1336 1480 1370 1543 in

182 1593 186 1599 '
249 1604 346 1647 sucos
368 1580 563 1668 inquirentis
586 1579 783 1644 industriam
815 1589 912 1666 atque
933 1578 993 1644 has
1020 1580 1300 1667 undiqueuorsum
1322 1582 1369 1645 in·
1482 1586 1486 1593 '

248 1682 385 1768 dagines
414 1681 650 1769 cuppediarum
682 1681 805 1746 maiore
835 1681 1053 1748 detestatione
1080 1683 1197 1768 dignas
1225 1685 1370 1748 censebi-

246 1808 340 1867 mus,
374 1786 402 1849 si
435 1807 549 1849 uersus
581 1783 736 1870 Euripidi
768 1783 990 1866 recordemur,
1025 1785 1143 1871 quibus
1178 1785 1420 1872 saepissimcld

246 1885 456 1974 Chrysippus
478 1884 690 1973 philosophus
715 1871 781 1968 [esi
802 1887 914 1968 usus],
937 1895 1101 1972 tamquam
1125 1887 1242 1951 edendi
1264 1887 1369 1951 irrita-

245 1989 355 2053 tiones
378 1989 537 2076 quasdam
560 1997 707 2073 repertas
731 2010 818 2069 esse,
850 2010 917 2052 non
938 2010 997 2074 per
1024 2011 1120 2052 usum
1146 1989 1234 2052 uitae
1262 2011 1370 2053 neces·

245 2090 373 2155 sarium
396 2089 454 2154 sed
475 2112 535 2178 per
555 2089 668 2153 luxum
690 2089 790 2153 animi
813 2098 929 2175 parata
951 2100 1048 2175 atque
1070 2089 1182 2153 facilia
1201 2089 1369 2154 fastidien-

243 2194 291 2257 tis
314 2214 373 2279 per
393 2193 567 2278 inprobam
595 2191 758 2256 satietatis
786 2180 967 2255 lasciuiam.
1013 2204 1041 2262 7.
1065 2191 1189 2254 Versus
1218 2187 1372 2277 Euripidi

243 2293 463 2361 ascribendos
486 2294 615 2381 putaui:
1383 2306 1420 2365 15

398 2421 485 2492 Ἐπεὶ
507 2406 543 2492 ri
561 2429 615 2492 det
634 2431 784 2512 βροτοῖσι
808 2422 896 2513 πλὴν
919 2430 1014 2493 δυεῖν
1035 2426 1159 2511 μόνον,

402 2529 582 2615 Δήμητρος
604 2521 705 2612 ἀκτῆς
728 2527 883 2615 πώματός
906 2527 943 2595 a'
967 2522 1156 2614 ὑδρηχόου,

392 2624 496 2715 ’Ἁπερ
520 2631 660 2715 πάρεστι
682 2630 738 2697 καὶ
760 2626 882 2717 πέφυχ’
905 2623 992 2717 ἡμᾶς
1013 2630 1167 2715 reipsam

244 2823 314 2873 gum
333 2806 371 2857 cf.
383 2806 456 2856 Enni
473 2806 705 2871 Heduphagetica
724 2813 769 2871 ap.
781 2805 928 2872 Apuleium
941 2807 1013 2871 apol.
1028 2808 1061 2856 38
1073 2821 1100 2869 p.
1112 2807 1145 2854 48
1159 2821 1216 2870 sqq.
1235 2805 1371 2869 Krueger.

246 2880 279 2925 et
302 2875 453 2941 praecipue
481 2876 616 2926 Horatius
644 2879 710 2925 satt.
733 2875 762 2925 II
784 2877 809 2927 4.
833 2903 864 2911 —
892 2874 1058 2939 Euripideos
1087 2889 1184 2923 uersus
1208 2872 1289 2937 (Fgg.
1315 2875 1370 2926 inc.

246 3068 389 3141 clusitque
405 3066 474 3137 Ray.
490 3056 506 3145 Η
562 3068 578 3119 3
600 3083 632 3121 ea
654 3065 733 3122 Samo
751 3065 826 3121 uoti.
842 3057 858 3146 Η
873 3065 961 3139 irygia
982 3065 1052 3137 Req.
1075 3065 1154 3138 frigia
1176 3064 1250 3119 Rod.
1274 3056 1357 3142 Voti
1442 3089 1446 3098 ·

245 3152 359 3208 ruellicc'
379 3153 445 3208 libri
462 3142 478 3231 Η
500 3149 586 3207 hedes
607 3150 673 3205 iibri
685 3143 700 3231 Η
757 3157 773 3203 4
797 3150 950 3207 calcedonia
980 3151 1041 3206 Vol.
1073 3150 1245 3205 calchedonis
1268 3145 1359 3225 Rea}

245 3278 407 3327 murenatar
421 3270 491 3327 resia
509 3269 574 3326 Vat.
598 3287 673 3325 mure
690 3237 823 3325 radiosis
839 3270 909 3341 Rey.
953 3270 1022 3325 Cum
1038 3269 1082 3323 iiis
1098 3269 1172 3323 nort.
1188 3239 1292 3340 ubique
1304 3266 1371 3339 sere

229 3358 398 3419 ¹consentit,
414 3355 471 3411 nisi
485 3357 562 3427 quod
575 3356 767 3427 neqiepentius
783 3357 909 3434 scripulus
924 3361 966 3409 est
981 3346 995 3433 Η
1038 3358 1054 3405 5
1069 3353 1115 3409 Ao
1129 3353 1293 3425 petunculus
1305 3353 1369 3408 edd.

245 3444 333 3499 Chius
347 3443 483 3513 suppleat
497 3432 512 3521 Η
557 3444 573 3494 6
595 3440 688 3496 rudius
712 3439 773 3495 Vat.
790 3432 804 3519 Η
819 3440 983 3495 scaricilices
1002 3439 1069 3510 Rey.
1085 3431 1100 3518 Η
1122 3438 1230 3493 Versus
1241 3437 1371 3509 fortusse

244 3530 290 3584 iia
305 3528 420 3583 restitui
428 3533 567 3597 possunt:

810 3611 899 3666 Pauus
915 3608 929 3663 d
945 3609 1040 3676 Samo,

454 3696 572 3770 Phrygia
588 3697 723 3769 attagena,
741 3684 757 3749 .'
773 3738 779 3749 .
796 3694 906 3752 Melicad
922 3712 1020 3768 grues,

454 3781 561 3837 Haedds
577 3780 610 3836 de
624 3780 774 3843 Ambracia,
790 3780 968 3836 chalcedonia
983 3780 1110 3854 pelamis,

455 3865 591 3922 Tartdssia
606 3883 718 3921 murena
734 3867 815 3939 itque
830 3866 996 3922 Pessinuntii

456 3950 539 4007 Aselli
555 3968 617 4006 cum
633 3950 732 4006 ostreis
749 3951 874 4016 'larenti;
900 3951 954 4006 uim
972 3944 994 4025 [.
1012 3945 1036 4026 ]

455 4034 647 4098 pectunculus,
664 4036 759 4111 helops
775 4036 896 4093 Rhodius
912 4043 940 4091 et
955 4034 1053 4090 Cilices
1069 4035 1156 4094 scari,

454 4120 512 4177 Nux
528 4122 638 4184 Thasia,
654 4121 743 4196 palma
759 4114 905 4196 Aegyptia,
922 4119 1000 4193 glans
1016 4118 1147 4174 Hiberica.

246 4216 264 4264 7
289 4217 379 4265 autern
393 4224 414 4285 p
429 4198 465 4264 ari
482 4207 655 4281 peragrantis
672 4206 746 4262 Rott
762 4197 777 4285 Η
831 4208 864 4259 10
887 4204 1013 4277 Euripide
1036 4203 1097 4259 Vat.
1114 4220 1150 4257 m.
1165 4219 1212 4273 pr.
1249 4201 1370 4275 Euripidi

246 4312 350 4352 uersus
370 4294 446 4351 Rott.
468 4284 482 4373 Η
540 4295 570 4345 11
599 4300 641 4348 est
667 4310 733 4347 usus
760 4308 812 4346 om.
833 4292 906 4346 libri.
947 4288 1076 4344 utebatur
1101 4289 1163 4344 edd.
1186 4291 1253 4342 octt.
1292 4294 1372 4342 usust

246 4381 394 4438 Hertzius
407 4370 423 4459 Η
437 4380 574 4451 crisippus
597 4376 660 4433 Vol.
691 4379 834 4451 crysippus
851 4376 920 4447 Rcy.
952 4375 1132 4447 chrisisippus
1154 4372 1231 4427 Reii.
1248 4363 1262 4451 Η
1281 4373 1370 4426 irrita-

248 4469 342 4523 tiones
358 4464 488 4539 quasdam
503 4480 556 4518 om.
570 4462 640 4534 Req.
654 4462 730 4518 Rott.
746 4453 761 4541 Η
806 4465 836 4514 14
850 4460 942 4516 Euridi
958 4460 1025 4514 libri
1037 4449 1052 4537 Η
1096 4461 1128 4511 16
1144 4457 1257 4511 Graeco
1269 4457 1372 4512 desunt

244 4555 279 4609 in
302 4550 380 4607 Rott.
401 4556 429 4605 et
455 4549 590 4621 (praeter
616 4563 679 4602 επει
704 4546 748 4619 τι)
770 4549 799 4602 in
823 4545 884 4617 Req
900 4537 914 4624 Η
933 4563 961 4599 τι
983 4539 1011 4598 δι
1031 4539 1035 4618 Ι
1055 4560 1135 4614 nunu
1154 4542 1159 4615 Ι
1179 4537 1370 4615 ὄελμετεροςΗ

245 4657 264 4694 τ
280 4631 432 4710 ειδρεχοοο
452 4629 457 4713 Η
476 4650 547 4709 οπερ
568 4633 573 4706 l
592 4648 764 4707 πεφοκεμας
784 4634 789 4704 1
816 4626 846 4687 dr
862 4644 909 4685 σοι
929 4631 934 4704 Η
954 4625 1095 4685 ενδεστων
1111 4645 1246 4702 μηκανοις
1269 4626 1328 4681 Vol.
1345 4617 1358 4705 Η

303 4731 397 4782 Riese,
414 4730 519 4770 Varronis
534 4728 627 4769 Salinae.
1131 4732 1169 4794 13
