<?xml version="1.0" encoding="UTF-8"?>
<!DOCTYPE html PUBLIC "-//W3C//DTD XHTML 1.0 Transitional//EN"
    "http://www.w3.org/TR/xhtml1/DTD/xhtml1-transitional.dtd">
<html xmlns="http://www.w3.org/1999/xhtml" xml:lang="en" lang="en">
 <head>
  <title>
</title>
<meta http-equiv="Content-Type" content="text/html;charset=utf-8" />
  <meta name='ocr-system' content='tesseract 3.04.00' />
  <meta name='ocr-capabilities' content='ocr_page ocr_carea ocr_par ocr_line ocrx_word'/>
</head>
<body>
  <div class='ocr_page' id='page_1' title='image "./saturarummenipp00riesgoog_0047.png"; bbox 0 0 3559 5709; ppageno 0'>
   <div class='ocr_carea' id='block_1_1' title="bbox 718 704 1361 768">
    <p class='ocr_par' dir='ltr' id='par_1_1' title="bbox 718 704 1361 768">
     <span class='ocr_line' id='line_1_1' title="bbox 718 704 1361 768; baseline 0.006 -4"><span class='ocrx_word' id='word_1_1' title='bbox 718 708 847 764; x_wconf 73' lang='lat' dir='ltr'><strong>GAPV&#39;l*</strong></span> <span class='ocrx_word' id='word_1_2' title='bbox 869 709 880 764; x_wconf 97' lang='lat' dir='ltr'><strong>l</strong></span> <span class='ocrx_word' id='word_1_3' title='bbox 1318 704 1361 768; x_wconf 78' lang='grc'><strong>23</strong></span> 
     </span>
    </p>
   </div>
   <div class='ocr_carea' id='block_1_2' title="bbox 239 870 1361 1064">
    <p class='ocr_par' dir='ltr' id='par_1_2' title="bbox 239 870 1361 1064">
     <span class='ocr_line' id='line_1_2' title="bbox 241 870 1361 959; baseline 0.002 -23"><span class='ocrx_word' id='word_1_4' title='bbox 241 882 448 959; x_wconf 88' lang='lat' dir='ltr'><strong>compertum</strong></span> <span class='ocrx_word' id='word_1_5' title='bbox 477 871 653 952; x_wconf 88' lang='lat' dir='ltr'><strong>habemus,</strong></span> <span class='ocrx_word' id='word_1_6' title='bbox 683 870 792 957; x_wconf 89' lang='lat' dir='ltr'><strong>lepide</strong></span> <span class='ocrx_word' id='word_1_7' title='bbox 814 871 1024 958; x_wconf 83' lang='lat' dir='ltr'><strong>perstringit,</strong></span> <span class='ocrx_word' id='word_1_8' title='bbox 1059 895 1133 937; x_wconf 92' lang='lat' dir='ltr'><strong>cum</strong></span> <span class='ocrx_word' id='word_1_9' title='bbox 1159 884 1290 939; x_wconf 84' lang='lat' dir='ltr'><strong>ueteres</strong></span> <span class='ocrx_word' id='word_1_10' title='bbox 1318 873 1361 938; x_wconf 90' lang='lat' dir='ltr'><strong>ad</strong></span> 
     </span>
     <span class='ocr_line' id='line_1_3' title="bbox 239 973 1361 1064; baseline 0.002 -24"><span class='ocrx_word' id='word_1_11' title='bbox 239 975 373 1041; x_wconf 89' lang='lat' dir='ltr'><strong>Attium</strong></span> <span class='ocrx_word' id='word_1_12' title='bbox 393 996 498 1061; x_wconf 94' lang='lat' dir='ltr'><strong>usque</strong></span> <span class='ocrx_word' id='word_1_13' title='bbox 520 975 701 1039; x_wconf 81' lang='lat' dir='ltr'><strong>carminum</strong></span> <span class='ocrx_word' id='word_1_14' title='bbox 722 973 908 1039; x_wconf 90' lang='lat' dir='ltr'><strong>conditores</strong></span> <span class='ocrx_word' id='word_1_15' title='bbox 929 974 965 1037; x_wconf 90' lang='lat' dir='ltr'><strong>in</strong></span> <span class='ocrx_word' id='word_1_16' title='bbox 986 975 1120 1039; x_wconf 89' lang='lat' dir='ltr'><strong>summis</strong></span> <span class='ocrx_word' id='word_1_17' title='bbox 1143 976 1239 1064; x_wconf 88' lang='lat' dir='ltr'><strong>abeo</strong></span> <span class='ocrx_word' id='word_1_18' title='bbox 1260 976 1361 1042; x_wconf 89' lang='lat' dir='ltr'><strong>hono·</strong></span> 
     </span>
    </p>
   </div>
   <div class='ocr_carea' id='block_1_3' title="bbox 239 1076 1547 1166">
    <p class='ocr_par' dir='ltr' id='par_1_3' title="bbox 239 1076 1547 1166">
     <span class='ocr_line' id='line_1_4' title="bbox 239 1076 1547 1166; baseline 0.002 -24"><span class='ocrx_word' id='word_1_19' title='bbox 239 1078 333 1144; x_wconf 90' lang='lat' dir='ltr'><strong>ribus</strong></span> <span class='ocrx_word' id='word_1_20' title='bbox 356 1076 486 1142; x_wconf 88' lang='lat' dir='ltr'><strong>habitos</strong></span> <span class='ocrx_word' id='word_1_21' title='bbox 509 1078 603 1163; x_wconf 88' lang='lat' dir='ltr'><strong>eique</strong></span> <span class='ocrx_word' id='word_1_22' title='bbox 631 1077 724 1164; x_wconf 81' lang='lat' dir='ltr'><strong>quasi</strong></span> <span class='ocrx_word' id='word_1_23' title='bbox 752 1078 886 1142; x_wconf 79' lang='lat' dir='ltr'><strong>comites</strong></span> <span class='ocrx_word' id='word_1_24' title='bbox 914 1076 998 1141; x_wconf 88' lang='lat' dir='ltr'><strong>fidos</strong></span> <span class='ocrx_word' id='word_1_25' title='bbox 1027 1088 1281 1165; x_wconf 82' lang='lat' dir='ltr'>constantesque</span> <span class='ocrx_word' id='word_1_26' title='bbox 1302 1102 1362 1166; x_wconf 90' lang='lat' dir='ltr'><strong>per</strong></span> <span class='ocrx_word' id='word_1_27' title='bbox 1426 1146 1428 1149; x_wconf 72' lang='grc'>,</span> <span class='ocrx_word' id='word_1_28' title='bbox 1542 1117 1547 1126; x_wconf 87' lang='grc'><strong><em>·</em></strong></span> 
     </span>
    </p>
   </div>
   <div class='ocr_carea' id='block_1_4' title="bbox 237 1177 1391 1982">
    <p class='ocr_par' dir='ltr' id='par_1_4' title="bbox 237 1177 1391 1982">
     <span class='ocr_line' id='line_1_5' title="bbox 239 1177 1362 1267; baseline -0.001 -20"><span class='ocrx_word' id='word_1_29' title='bbox 239 1190 345 1247; x_wconf 85' lang='lat' dir='ltr'><strong>totam</strong></span> <span class='ocrx_word' id='word_1_30' title='bbox 372 1179 475 1244; x_wconf 89' lang='lat' dir='ltr'><strong>uitam</strong></span> <span class='ocrx_word' id='word_1_31' title='bbox 507 1179 673 1260; x_wconf 77' lang='lat' dir='ltr'><strong>extitisse,</strong></span> <span class='ocrx_word' id='word_1_32' title='bbox 700 1177 736 1242; x_wconf 95' lang='lat' dir='ltr'><strong>id</strong></span> <span class='ocrx_word' id='word_1_33' title='bbox 763 1178 851 1266; x_wconf 92' lang='lat' dir='ltr'><strong>quod</strong></span> <span class='ocrx_word' id='word_1_34' title='bbox 879 1202 898 1243; x_wconf 93' lang='lat' dir='ltr'><strong>e</strong></span> <span class='ocrx_word' id='word_1_35' title='bbox 921 1179 1119 1245; x_wconf 86' lang='lat' dir='ltr'><strong>doctissimis</strong></span> <span class='ocrx_word' id='word_1_36' title='bbox 1143 1202 1223 1266; x_wconf 88' lang='lat' dir='ltr'><strong>quos</strong></span> <span class='ocrx_word' id='word_1_37' title='bbox 1245 1190 1362 1267; x_wconf 89' lang='lat' dir='ltr'><strong>postea</strong></span> 
     </span>
     <span class='ocr_line' id='line_1_6' title="bbox 238 1280 1359 1369; baseline 0.001 -22"><span class='ocrx_word' id='word_1_38' title='bbox 238 1281 436 1369; x_wconf 87' lang='lat' dir='ltr'><strong>conscripsit</strong></span> <span class='ocrx_word' id='word_1_39' title='bbox 456 1280 549 1347; x_wconf 88' lang='lat' dir='ltr'><strong>libris</strong></span> <span class='ocrx_word' id='word_1_40' title='bbox 571 1280 748 1367; x_wconf 88' lang='lat' dir='ltr'><strong>unicuique</strong></span> <span class='ocrx_word' id='word_1_41' title='bbox 771 1289 975 1367; x_wconf 85' lang='lat' dir='ltr'><strong>compertum</strong></span> <span class='ocrx_word' id='word_1_42' title='bbox 997 1292 1062 1363; x_wconf 84' lang='lat' dir='ltr'><strong>cst,</strong></span> <span class='ocrx_word' id='word_1_43' title='bbox 1092 1282 1159 1347; x_wconf 88' lang='lat' dir='ltr'><strong>iam</strong></span> <span class='ocrx_word' id='word_1_44' title='bbox 1180 1283 1216 1346; x_wconf 94' lang='lat' dir='ltr'><strong>in</strong></span> <span class='ocrx_word' id='word_1_45' title='bbox 1237 1283 1359 1349; x_wconf 85' lang='lat' dir='ltr'><strong>saturis</strong></span> 
     </span>
     <span class='ocr_line' id='line_1_7' title="bbox 238 1381 1359 1471; baseline 0 -21"><span class='ocrx_word' id='word_1_46' title='bbox 238 1384 294 1450; x_wconf 91' lang='lat' dir='ltr'><strong>uel</strong></span> <span class='ocrx_word' id='word_1_47' title='bbox 324 1384 472 1471; x_wconf 87' lang='lat' dir='ltr'><strong>ipsorum</strong></span> <span class='ocrx_word' id='word_1_48' title='bbox 503 1381 558 1448; x_wconf 91' lang='lat' dir='ltr'><strong>uel</strong></span> <span class='ocrx_word' id='word_1_49' title='bbox 587 1382 822 1447; x_wconf 88' lang='lat' dir='ltr'><strong>sententiarum</strong></span> <span class='ocrx_word' id='word_1_50' title='bbox 850 1406 893 1448; x_wconf 87' lang='lat' dir='ltr'><strong>ex</strong></span> <span class='ocrx_word' id='word_1_51' title='bbox 915 1385 962 1449; x_wconf 85' lang='lat' dir='ltr'><strong>eis</strong></span> <span class='ocrx_word' id='word_1_52' title='bbox 985 1384 1251 1470; x_wconf 83' lang='lat' dir='ltr'><strong>depromptarum</strong></span> <span class='ocrx_word' id='word_1_53' title='bbox 1272 1406 1359 1450; x_wconf 91' lang='lat' dir='ltr'><strong>com-</strong></span> 
     </span>
     <span class='ocr_line' id='line_1_8' title="bbox 238 1484 1391 1569; baseline 0 -18"><span class='ocrx_word' id='word_1_54' title='bbox 238 1486 432 1552; x_wconf 90' lang='lat' dir='ltr'><strong>memoratio</strong></span> <span class='ocrx_word' id='word_1_55' title='bbox 454 1484 543 1550; x_wconf 89' lang='lat' dir='ltr'><strong>haud</strong></span> <span class='ocrx_word' id='word_1_56' title='bbox 565 1507 641 1549; x_wconf 87' lang='lat' dir='ltr'><strong>rara</strong></span> <span class='ocrx_word' id='word_1_57' title='bbox 663 1494 817 1569; x_wconf 70' lang='lat' dir='ltr'><strong>testatur,</strong></span> <span class='ocrx_word' id='word_1_58' title='bbox 841 1485 883 1550; x_wconf 89' lang='lat' dir='ltr'><strong>cf.</strong></span> <span class='ocrx_word' id='word_1_59' title='bbox 901 1510 929 1551; x_wconf 86' lang='lat' dir='ltr'><strong>e.</strong></span> <span class='ocrx_word' id='word_1_60' title='bbox 945 1510 974 1552; x_wconf 89' lang='lat' dir='ltr'><strong>c.</strong></span> <span class='ocrx_word' id='word_1_61' title='bbox 989 1487 1149 1552; x_wconf 83' lang='lat' dir='ltr'><strong>Parmeno</strong></span> <span class='ocrx_word' id='word_1_62' title='bbox 1165 1484 1358 1551; x_wconf 66' lang='lat' dir='ltr'><strong>XII—XV.</strong></span> <span class='ocrx_word' id='word_1_63' title='bbox 1388 1488 1391 1492; x_wconf 75' lang='grc'><strong>’</strong></span> 
     </span>
     <span class='ocr_line' id='line_1_9' title="bbox 238 1584 1360 1675; baseline -0.002 -20"><span class='ocrx_word' id='word_1_64' title='bbox 238 1584 460 1674; x_wconf 69' lang='lat' dir='ltr'><strong>Antiquitatis⁴</strong></span> <span class='ocrx_word' id='word_1_65' title='bbox 485 1587 589 1673; x_wconf 88' lang='lat' dir='ltr'><strong>igitur</strong></span> <span class='ocrx_word' id='word_1_66' title='bbox 616 1595 660 1652; x_wconf 88' lang='lat' dir='ltr'><strong>ct·</strong></span> <span class='ocrx_word' id='word_1_67' title='bbox 676 1588 832 1674; x_wconf 90' lang='lat' dir='ltr'><strong>temporis</strong></span> <span class='ocrx_word' id='word_1_68' title='bbox 861 1589 926 1654; x_wconf 87' lang='lat' dir='ltr'><strong>acti</strong></span> <span class='ocrx_word' id='word_1_69' title='bbox 947 1586 1130 1655; x_wconf 88' lang='lat' dir='ltr'><strong>laudatoris</strong></span> <span class='ocrx_word' id='word_1_70' title='bbox 1152 1599 1263 1675; x_wconf 89' lang='lat' dir='ltr'><strong>partes</strong></span> <span class='ocrx_word' id='word_1_71' title='bbox 1285 1611 1360 1654; x_wconf 89' lang='lat' dir='ltr'><strong>cum</strong></span> 
     </span>
     <span class='ocr_line' id='line_1_10' title="bbox 237 1688 1358 1777; baseline -0.001 -22"><span class='ocrx_word' id='word_1_72' title='bbox 237 1693 273 1755; x_wconf 94' lang='lat' dir='ltr'><strong>in</strong></span> <span class='ocrx_word' id='word_1_73' title='bbox 296 1714 332 1755; x_wconf 90' lang='lat' dir='ltr'><strong>se</strong></span> <span class='ocrx_word' id='word_1_74' title='bbox 354 1689 549 1777; x_wconf 85' lang='lat' dir='ltr'><strong>susceperit,</strong></span> <span class='ocrx_word' id='word_1_75' title='bbox 573 1712 638 1754; x_wconf 93' lang='lat' dir='ltr'><strong>non</strong></span> <span class='ocrx_word' id='word_1_76' title='bbox 660 1701 770 1756; x_wconf 90' lang='lat' dir='ltr'><strong>tamen</strong></span> <span class='ocrx_word' id='word_1_77' title='bbox 792 1688 939 1754; x_wconf 89' lang='lat' dir='ltr'><strong>difficilis</strong></span> <span class='ocrx_word' id='word_1_78' title='bbox 963 1701 996 1755; x_wconf 89' lang='lat' dir='ltr'><strong>et</strong></span> <span class='ocrx_word' id='word_1_79' title='bbox 1018 1690 1173 1777; x_wconf 87' lang='lat' dir='ltr'><strong>querulus</strong></span> <span class='ocrx_word' id='word_1_80' title='bbox 1195 1712 1358 1757; x_wconf 90' lang='lat' dir='ltr'><strong>morosam</strong></span> 
     </span>
     <span class='ocr_line' id='line_1_11' title="bbox 237 1790 1357 1881; baseline -0.001 -23"><span class='ocrx_word' id='word_1_81' title='bbox 237 1796 329 1860; x_wconf 87' lang='lat' dir='ltr'><strong>uitae</strong></span> <span class='ocrx_word' id='word_1_82' title='bbox 351 1793 578 1858; x_wconf 88' lang='lat' dir='ltr'><strong>austeritatem</strong></span> <span class='ocrx_word' id='word_1_83' title='bbox 601 1790 660 1876; x_wconf 88' lang='lat' dir='ltr'><strong>(cf.</strong></span> <span class='ocrx_word' id='word_1_84' title='bbox 681 1792 744 1857; x_wconf 84' lang='lat' dir='ltr'><strong>Est</strong></span> <span class='ocrx_word' id='word_1_85' title='bbox 765 1791 882 1857; x_wconf 90' lang='lat' dir='ltr'><strong>modus</strong></span> <span class='ocrx_word' id='word_1_86' title='bbox 905 1792 1048 1857; x_wconf 88' lang='lat' dir='ltr'><strong>matulae</strong></span> <span class='ocrx_word' id='word_1_87' title='bbox 1071 1794 1099 1857; x_wconf 94' lang='grc' dir='ltr'><strong>Ι.</strong></span> <span class='ocrx_word' id='word_1_88' title='bbox 1127 1793 1262 1859; x_wconf 85' lang='lat' dir='ltr'><strong>Devicti</strong></span> <span class='ocrx_word' id='word_1_89' title='bbox 1283 1793 1357 1881; x_wconf 89' lang='lat' dir='ltr'><strong>IV),</strong></span> 
     </span>
     <span class='ocr_line' id='line_1_12' title="bbox 237 1893 1360 1982; baseline 0.001 -22"><span class='ocrx_word' id='word_1_90' title='bbox 237 1895 297 1960; x_wconf 88' lang='lat' dir='ltr'><strong>sed</strong></span> <span class='ocrx_word' id='word_1_91' title='bbox 328 1893 570 1981; x_wconf 88' lang='lat' dir='ltr'><strong>simplicitatem</strong></span> <span class='ocrx_word' id='word_1_92' title='bbox 597 1902 727 1959; x_wconf 88' lang='lat' dir='ltr'><strong>tantum</strong></span> <span class='ocrx_word' id='word_1_93' title='bbox 752 1916 880 1959; x_wconf 87' lang='lat' dir='ltr'><strong>morum</strong></span> <span class='ocrx_word' id='word_1_94' title='bbox 908 1893 1126 1961; x_wconf 86' lang='lat' dir='ltr'><strong>commendat.</strong></span> <span class='ocrx_word' id='word_1_95' title='bbox 1178 1896 1295 1982; x_wconf 92' lang='lat' dir='ltr'><strong>Itaque</strong></span> <span class='ocrx_word' id='word_1_96' title='bbox 1321 1904 1360 1961; x_wconf 93' lang='lat' dir='ltr'><strong>ut</strong></span> 
     </span>
    </p>
   </div>
   <div class='ocr_carea' id='block_1_5' title="bbox 236 1996 1458 2088">
    <p class='ocr_par' dir='ltr' id='par_1_5' title="bbox 236 1996 1458 2088">
     <span class='ocr_line' id='line_1_13' title="bbox 236 1996 1458 2088; baseline 0 -26"><span class='ocrx_word' id='word_1_97' title='bbox 236 1997 448 2084; x_wconf 85' lang='lat' dir='ltr'><strong>Menippeum</strong></span> <span class='ocrx_word' id='word_1_98' title='bbox 474 1998 571 2062; x_wconf 92' lang='lat' dir='ltr'><strong>unice</strong></span> <span class='ocrx_word' id='word_1_99' title='bbox 599 1996 723 2079; x_wconf 87' lang='lat' dir='ltr'><strong>decuit,</strong></span> <span class='ocrx_word' id='word_1_100' title='bbox 751 1997 832 2063; x_wconf 87' lang='lat' dir='ltr'><strong>iocis</strong></span> <span class='ocrx_word' id='word_1_101' title='bbox 855 1997 959 2063; x_wconf 91' lang='lat' dir='ltr'><strong>omnis</strong></span> <span class='ocrx_word' id='word_1_102' title='bbox 982 1998 1111 2083; x_wconf 89' lang='lat' dir='ltr'><strong>generis</strong></span> <span class='ocrx_word' id='word_1_103' title='bbox 1133 2008 1266 2063; x_wconf 89' lang='lat' dir='ltr'><strong>saturae</strong></span> <span class='ocrx_word' id='word_1_104' title='bbox 1287 1998 1358 2063; x_wconf 87' lang='lat' dir='ltr'><strong>eius</strong></span> <span class='ocrx_word' id='word_1_105' title='bbox 1457 2085 1458 2088; x_wconf 8' lang='grc' dir='ltr'><strong>Ἴ</strong></span> 
     </span>
    </p>
   </div>
   <div class='ocr_carea' id='block_1_6' title="bbox 222 2099 1453 4232">
    <p class='ocr_par' dir='ltr' id='par_1_6' title="bbox 222 2099 1453 4232">
     <span class='ocr_line' id='line_1_14' title="bbox 237 2099 1358 2188; baseline 0.002 -24"><span class='ocrx_word' id='word_1_106' title='bbox 237 2100 363 2186; x_wconf 91' lang='lat' dir='ltr'><strong>ubique</strong></span> <span class='ocrx_word' id='word_1_107' title='bbox 385 2109 462 2164; x_wconf 89' lang='lat' dir='ltr'><strong>sunt</strong></span> <span class='ocrx_word' id='word_1_108' title='bbox 483 2121 681 2186; x_wconf 86' lang='lat' dir='ltr'><strong>conspersae</strong></span> <span class='ocrx_word' id='word_1_109' title='bbox 703 2101 839 2188; x_wconf 89' lang='lat' dir='ltr'><strong>ipsaque</strong></span> <span class='ocrx_word' id='word_1_110' title='bbox 867 2099 926 2165; x_wconf 90' lang='lat' dir='ltr'><strong>illa</strong></span> <span class='ocrx_word' id='word_1_111' title='bbox 947 2099 1129 2181; x_wconf 88' lang='lat' dir='ltr'><strong>festiuitas,</strong></span> <span class='ocrx_word' id='word_1_112' title='bbox 1158 2122 1257 2186; x_wconf 89' lang='lat' dir='ltr'><strong>quam</strong></span> <span class='ocrx_word' id='word_1_113' title='bbox 1284 2122 1358 2187; x_wconf 92' lang='lat' dir='ltr'><strong>pro·</strong></span> 
     </span>
     <span class='ocr_line' id='line_1_15' title="bbox 236 2201 1358 2289; baseline 0.002 -24"><span class='ocrx_word' id='word_1_114' title='bbox 236 2201 344 2289; x_wconf 89' lang='lat' dir='ltr'><strong>priam</strong></span> <span class='ocrx_word' id='word_1_115' title='bbox 368 2201 433 2266; x_wconf 88' lang='lat' dir='ltr'><strong>sibi</strong></span> <span class='ocrx_word' id='word_1_116' title='bbox 454 2201 665 2288; x_wconf 89' lang='lat' dir='ltr'><strong>innatamque</strong></span> <span class='ocrx_word' id='word_1_117' title='bbox 687 2224 760 2267; x_wconf 89' lang='lat' dir='ltr'><strong>esse</strong></span> <span class='ocrx_word' id='word_1_118' title='bbox 775 2203 914 2267; x_wconf 89' lang='lat' dir='ltr'><strong>Romani</strong></span> <span class='ocrx_word' id='word_1_119' title='bbox 936 2202 1001 2288; x_wconf 93' lang='lat' dir='ltr'><strong>ipsi</strong></span> <span class='ocrx_word' id='word_1_120' title='bbox 1022 2203 1106 2268; x_wconf 90' lang='lat' dir='ltr'><strong>bene</strong></span> <span class='ocrx_word' id='word_1_121' title='bbox 1120 2202 1288 2287; x_wconf 87' lang='lat' dir='ltr'><strong>cognitum</strong></span> <span class='ocrx_word' id='word_1_122' title='bbox 1302 2201 1358 2267; x_wconf 87' lang='lat' dir='ltr'><strong>ha·</strong></span> 
     </span>
     <span class='ocr_line' id='line_1_16' title="bbox 236 2303 1359 2391; baseline -0.001 -22"><span class='ocrx_word' id='word_1_123' title='bbox 236 2305 390 2386; x_wconf 90' lang='lat' dir='ltr'><strong>buerunt,</strong></span> <span class='ocrx_word' id='word_1_124' title='bbox 412 2304 604 2390; x_wconf 85' lang='lat' dir='ltr'><strong>saepissime</strong></span> <span class='ocrx_word' id='word_1_125' title='bbox 618 2303 701 2369; x_wconf 91' lang='lat' dir='ltr'><strong>inibi</strong></span> <span class='ocrx_word' id='word_1_126' title='bbox 715 2304 978 2391; x_wconf 90' lang='lat' dir='ltr'><strong>deprehenditur,</strong></span> <span class='ocrx_word' id='word_1_127' title='bbox 1001 2304 1133 2391; x_wconf 90' lang='lat' dir='ltr'><strong>quaein</strong></span> <span class='ocrx_word' id='word_1_128' title='bbox 1148 2304 1242 2369; x_wconf 90' lang='lat' dir='ltr'><strong>seriis</strong></span> <span class='ocrx_word' id='word_1_129' title='bbox 1258 2306 1359 2370; x_wconf 89' lang='lat' dir='ltr'><strong>etiam</strong></span> 
     </span>
     <span class='ocr_line' id='line_1_17' title="bbox 236 2404 1359 2493; baseline -0.001 -22"><span class='ocrx_word' id='word_1_130' title='bbox 236 2406 460 2492; x_wconf 90' lang='lat' dir='ltr'><strong>grauibusque</strong></span> <span class='ocrx_word' id='word_1_131' title='bbox 476 2407 647 2471; x_wconf 87' lang='lat' dir='ltr'><strong>sententiis</strong></span> <span class='ocrx_word' id='word_1_132' title='bbox 662 2427 896 2493; x_wconf 88' lang='lat' dir='ltr'><strong>nonnunquam</strong></span> <span class='ocrx_word' id='word_1_133' title='bbox 910 2429 976 2472; x_wconf 93' lang='lat' dir='ltr'><strong>uno</strong></span> <span class='ocrx_word' id='word_1_134' title='bbox 991 2406 1093 2472; x_wconf 90' lang='lat' dir='ltr'><strong>uerbo</strong></span> <span class='ocrx_word' id='word_1_135' title='bbox 1109 2406 1201 2471; x_wconf 90' lang='lat' dir='ltr'><strong>uelut</strong></span> <span class='ocrx_word' id='word_1_136' title='bbox 1215 2404 1359 2471; x_wconf 88' lang='lat' dir='ltr'><strong>scintilla</strong></span> 
     </span>
     <span class='ocr_line' id='line_1_18' title="bbox 236 2507 1357 2595; baseline -0.002 -22"><span class='ocrx_word' id='word_1_137' title='bbox 236 2517 372 2595; x_wconf 89' lang='lat' dir='ltr'><strong>repente</strong></span> <span class='ocrx_word' id='word_1_138' title='bbox 400 2508 534 2590; x_wconf 90' lang='lat' dir='ltr'><strong>emicat,</strong></span> <span class='ocrx_word' id='word_1_139' title='bbox 564 2509 607 2573; x_wconf 84' lang='lat' dir='ltr'><strong>cf.</strong></span> <span class='ocrx_word' id='word_1_140' title='bbox 630 2532 658 2574; x_wconf 90' lang='lat' dir='ltr'><strong>e.</strong></span> <span class='ocrx_word' id='word_1_141' title='bbox 682 2531 732 2594; x_wconf 91' lang='lat' dir='ltr'><strong>gr.</strong></span> <span class='ocrx_word' id='word_1_142' title='bbox 755 2508 827 2574; x_wconf 86' lang='lat' dir='ltr'><strong>Lex</strong></span> <span class='ocrx_word' id='word_1_143' title='bbox 847 2509 981 2574; x_wconf 88' lang='lat' dir='ltr'><strong>Maenia</strong></span> <span class='ocrx_word' id='word_1_144' title='bbox 1002 2507 1100 2573; x_wconf 93' lang='lat' dir='ltr'><strong>VIII.</strong></span> <span class='ocrx_word' id='word_1_145' title='bbox 1128 2507 1221 2595; x_wconf 86' lang='lat' dir='ltr'><strong>Sesq.</strong></span> <span class='ocrx_word' id='word_1_146' title='bbox 1244 2507 1357 2572; x_wconf 88' lang='lat' dir='ltr'>XXV.</span> 
     </span>
     <span class='ocr_line' id='line_1_19' title="bbox 235 2608 1356 2698; baseline -0.001 -23"><span class='ocrx_word' id='word_1_147' title='bbox 235 2610 369 2675; x_wconf 90' lang='lat' dir='ltr'><strong>Deinde</strong></span> <span class='ocrx_word' id='word_1_148' title='bbox 391 2616 501 2675; x_wconf 78' lang='lat' dir='ltr'><strong>‘matta</strong></span> <span class='ocrx_word' id='word_1_149' title='bbox 523 2616 607 2675; x_wconf 73' lang='lat' dir='ltr'><strong>dicta</strong></span> <span class='ocrx_word' id='word_1_150' title='bbox 630 2617 804 2677; x_wconf 79' lang='lat' dir='ltr'><strong>dialectice&#39;</strong></span> <span class='ocrx_word' id='word_1_151' title='bbox 833 2610 917 2698; x_wconf 77' lang='lat' dir='ltr'><strong>(oie.</strong></span> <span class='ocrx_word' id='word_1_152' title='bbox 943 2610 1047 2675; x_wconf 90' lang='lat' dir='ltr'><strong>Acad.</strong></span> <span class='ocrx_word' id='word_1_153' title='bbox 1071 2610 1145 2692; x_wconf 80' lang='lat'><strong>12,</strong></span> <span class='ocrx_word' id='word_1_154' title='bbox 1169 2608 1203 2693; x_wconf 70' lang='lat'><strong>8)</strong></span> <span class='ocrx_word' id='word_1_155' title='bbox 1234 2610 1356 2675; x_wconf 87' lang='lat' dir='ltr'><strong>saturis</strong></span> 
     </span>
     <span class='ocr_line' id='line_1_20' title="bbox 235 2711 1356 2799; baseline -0.002 -21"><span class='ocrx_word' id='word_1_156' title='bbox 235 2715 345 2778; x_wconf 88' lang='lat' dir='ltr'><strong>inesse</strong></span> <span class='ocrx_word' id='word_1_157' title='bbox 368 2711 525 2799; x_wconf 90' lang='lat' dir='ltr'><strong>reliquiae</strong></span> <span class='ocrx_word' id='word_1_158' title='bbox 541 2713 730 2798; x_wconf 88' lang='lat' dir='ltr'><strong>significant</strong></span> <span class='ocrx_word' id='word_1_159' title='bbox 751 2713 873 2780; x_wconf 86' lang='lat' dir='ltr'><strong>multae</strong></span> <span class='ocrx_word' id='word_1_160' title='bbox 888 2735 973 2799; x_wconf 91' lang='lat' dir='ltr'><strong>quae</strong></span> <span class='ocrx_word' id='word_1_161' title='bbox 988 2712 1240 2799; x_wconf 86' lang='lat' dir='ltr'><strong>argumentandi</strong></span> <span class='ocrx_word' id='word_1_162' title='bbox 1255 2734 1356 2798; x_wconf 91' lang='lat' dir='ltr'><strong>quan-</strong></span> 
     </span>
     <span class='ocr_line' id='line_1_21' title="bbox 237 2813 1357 2902; baseline -0.001 -22"><span class='ocrx_word' id='word_1_163' title='bbox 237 2817 314 2881; x_wconf 87' lang='lat' dir='ltr'><strong>dam</strong></span> <span class='ocrx_word' id='word_1_164' title='bbox 331 2816 481 2901; x_wconf 85' lang='lat' dir='ltr'><strong>speciem,</strong></span> <span class='ocrx_word' id='word_1_165' title='bbox 504 2813 583 2879; x_wconf 92' lang='lat' dir='ltr'><strong>licet</strong></span> <span class='ocrx_word' id='word_1_166' title='bbox 598 2816 638 2880; x_wconf 90' lang='lat' dir='ltr'><strong>de</strong></span> <span class='ocrx_word' id='word_1_167' title='bbox 658 2814 880 2882; x_wconf 89' lang='lat' dir='ltr'><strong>leuidensibus</strong></span> <span class='ocrx_word' id='word_1_168' title='bbox 896 2838 1130 2902; x_wconf 89' lang='lat' dir='ltr'><strong>nonnunquam</strong></span> <span class='ocrx_word' id='word_1_169' title='bbox 1145 2815 1243 2881; x_wconf 90' lang='lat' dir='ltr'><strong>rebus</strong></span> <span class='ocrx_word' id='word_1_170' title='bbox 1259 2837 1357 2899; x_wconf 88' lang='lat' dir='ltr'><strong>agen·</strong></span> 
     </span>
     <span class='ocr_line' id='line_1_22' title="bbox 236 2907 1357 3003; baseline -0.001 -20"><span class='ocrx_word' id='word_1_171' title='bbox 236 2927 297 3000; x_wconf 86' lang='lat' dir='ltr'><strong>tes,</strong></span> <span class='ocrx_word' id='word_1_172' title='bbox 320 2939 400 3003; x_wconf 88' lang='lat' dir='ltr'><strong>prae</strong></span> <span class='ocrx_word' id='word_1_173' title='bbox 422 2940 458 2981; x_wconf 89' lang='lat' dir='ltr'><strong>se</strong></span> <span class='ocrx_word' id='word_1_174' title='bbox 480 2917 601 2998; x_wconf 88' lang='lat' dir='ltr'><strong>ferunt,</strong></span> <span class='ocrx_word' id='word_1_175' title='bbox 625 2917 668 2981; x_wconf 90' lang='lat' dir='ltr'><strong>cf.</strong></span> <span class='ocrx_word' id='word_1_176' title='bbox 685 2917 817 3003; x_wconf 81' lang='lat' dir='ltr'><strong>Cycnus</strong></span> <span class='ocrx_word' id='word_1_177' title='bbox 833 2920 878 2983; x_wconf 93' lang='grc' dir='ltr'><strong>ΙΙ.</strong></span> <span class='ocrx_word' id='word_1_178' title='bbox 896 2918 960 2983; x_wconf 92' lang='lat' dir='ltr'><strong>III.</strong></span> <span class='ocrx_word' id='word_1_179' title='bbox 979 2907 1164 3000; x_wconf 81' lang='grc' dir='ltr'><strong><em>Ἑκατόμβη</em></strong></span> <span class='ocrx_word' id='word_1_180' title='bbox 1179 2917 1258 2982; x_wconf 92' lang='lat' dir='ltr'><strong>VII.</strong></span> <span class='ocrx_word' id='word_1_181' title='bbox 1292 2918 1357 2982; x_wconf 85' lang='lat' dir='ltr'><strong>Est</strong></span> 
     </span>
     <span class='ocr_line' id='line_1_23' title="bbox 222 3017 1355 3089; baseline -0.005 -2"><span class='ocrx_word' id='word_1_182' title='bbox 222 3020 352 3089; x_wconf 76' lang='lat' dir='ltr'><strong>‚modus</strong></span> <span class='ocrx_word' id='word_1_183' title='bbox 367 3020 408 3083; x_wconf 90' lang='lat' dir='ltr'><strong>V.</strong></span> <span class='ocrx_word' id='word_1_184' title='bbox 432 3021 549 3083; x_wconf 68' lang='grc' dir='ltr'><strong><em>Γνῶθι</em></strong></span> <span class='ocrx_word' id='word_1_185' title='bbox 572 3017 717 3085; x_wconf 78' lang='grc' dir='ltr'><strong><em>σεαυτόν</em></strong></span> <span class='ocrx_word' id='word_1_186' title='bbox 739 3019 784 3084; x_wconf 93' lang='grc' dir='ltr'><strong>ΙΙ.</strong></span> <span class='ocrx_word' id='word_1_187' title='bbox 808 3020 869 3084; x_wconf 87' lang='lat' dir='ltr'><strong>XI.</strong></span> <span class='ocrx_word' id='word_1_188' title='bbox 894 3018 1027 3085; x_wconf 89' lang='lat' dir='ltr'><strong>Vinalia</strong></span> <span class='ocrx_word' id='word_1_189' title='bbox 1047 3020 1064 3083; x_wconf 93' lang='lat' dir='ltr'><strong>I</strong></span> <span class='ocrx_word' id='word_1_190' title='bbox 1086 3017 1140 3084; x_wconf 88' lang='lat' dir='ltr'><strong>all.</strong></span> <span class='ocrx_word' id='word_1_191' title='bbox 1170 3018 1241 3082; x_wconf 87' lang='lat' dir='ltr'><strong>Iam</strong></span> <span class='ocrx_word' id='word_1_192' title='bbox 1256 3020 1355 3083; x_wconf 89' lang='lat' dir='ltr'><strong>etiam</strong></span> 
     </span>
     <span class='ocr_line' id='line_1_24' title="bbox 235 3119 1354 3209; baseline -0.001 -23"><span class='ocrx_word' id='word_1_193' title='bbox 235 3124 403 3207; x_wconf 90' lang='lat' dir='ltr'><strong>ingentem</strong></span> <span class='ocrx_word' id='word_1_194' title='bbox 435 3122 500 3185; x_wconf 90' lang='lat' dir='ltr'><strong>uiri</strong></span> <span class='ocrx_word' id='word_1_195' title='bbox 530 3122 713 3188; x_wconf 90' lang='lat' dir='ltr'><strong>doctrinam</strong></span> <span class='ocrx_word' id='word_1_196' title='bbox 745 3121 861 3187; x_wconf 91' lang='lat' dir='ltr'><strong>horum</strong></span> <span class='ocrx_word' id='word_1_197' title='bbox 894 3145 1023 3209; x_wconf 91' lang='lat' dir='ltr'><strong>quoque</strong></span> <span class='ocrx_word' id='word_1_198' title='bbox 1055 3120 1241 3186; x_wconf 88' lang='lat' dir='ltr'><strong>libellorum</strong></span> <span class='ocrx_word' id='word_1_199' title='bbox 1273 3119 1354 3186; x_wconf 91' lang='lat' dir='ltr'><strong>locis</strong></span> 
     </span>
     <span class='ocr_line' id='line_1_25' title="bbox 234 3222 1356 3312; baseline -0.001 -23"><span class='ocrx_word' id='word_1_200' title='bbox 234 3223 384 3312; x_wconf 91' lang='lat' dir='ltr'><strong>plurimis</strong></span> <span class='ocrx_word' id='word_1_201' title='bbox 407 3223 501 3309; x_wconf 86' lang='lat' dir='ltr'><strong>quasi</strong></span> <span class='ocrx_word' id='word_1_202' title='bbox 522 3223 610 3290; x_wconf 92' lang='lat' dir='ltr'><strong>ultro</strong></span> <span class='ocrx_word' id='word_1_203' title='bbox 633 3247 858 3311; x_wconf 90' lang='lat' dir='ltr'><strong>perrumpere,</strong></span> <span class='ocrx_word' id='word_1_204' title='bbox 881 3247 979 3311; x_wconf 91' lang='lat' dir='ltr'><strong>porro</strong></span> <span class='ocrx_word' id='word_1_205' title='bbox 1002 3246 1121 3309; x_wconf 67' lang='lat' dir='ltr'><strong>gracw</strong></span> <span class='ocrx_word' id='word_1_206' title='bbox 1143 3233 1176 3288; x_wconf 87' lang='lat' dir='ltr'><strong>ct</strong></span> <span class='ocrx_word' id='word_1_207' title='bbox 1197 3222 1301 3287; x_wconf 90' lang='lat' dir='ltr'><strong>uerba</strong></span> <span class='ocrx_word' id='word_1_208' title='bbox 1322 3233 1356 3288; x_wconf 90' lang='lat' dir='ltr'><strong>et</strong></span> 
     </span>
     <span class='ocr_line' id='line_1_26' title="bbox 234 3324 1355 3413; baseline -0.002 -23"><span class='ocrx_word' id='word_1_209' title='bbox 234 3326 413 3413; x_wconf 90' lang='lat' dir='ltr'><strong>prouerbia</strong></span> <span class='ocrx_word' id='word_1_210' title='bbox 434 3324 606 3390; x_wconf 89' lang='lat' dir='ltr'><strong>Luciliano</strong></span> <span class='ocrx_word' id='word_1_211' title='bbox 634 3325 782 3413; x_wconf 90' lang='lat' dir='ltr'><strong>exemplo</strong></span> <span class='ocrx_word' id='word_1_212' title='bbox 812 3327 870 3391; x_wconf 89' lang='lat' dir='ltr'><strong>sed</strong></span> <span class='ocrx_word' id='word_1_213' title='bbox 897 3350 962 3392; x_wconf 92' lang='lat' dir='ltr'><strong>non</strong></span> <span class='ocrx_word' id='word_1_214' title='bbox 989 3326 1086 3390; x_wconf 90' lang='lat' dir='ltr'><strong>nimis</strong></span> <span class='ocrx_word' id='word_1_215' title='bbox 1116 3325 1273 3390; x_wconf 91' lang='lat' dir='ltr'><strong>audacter</strong></span> <span class='ocrx_word' id='word_1_216' title='bbox 1299 3347 1355 3388; x_wconf 87' lang='lat' dir='ltr'><strong>ex-</strong></span> 
     </span>
     <span class='ocr_line' id='line_1_27' title="bbox 234 3425 1354 3516; baseline -0.003 -25"><span class='ocrx_word' id='word_1_217' title='bbox 234 3450 350 3515; x_wconf 87' lang='lat' dir='ltr'><strong>presso</strong></span> <span class='ocrx_word' id='word_1_218' title='bbox 379 3427 524 3493; x_wconf 89' lang='lat' dir='ltr'><strong>sermoni</strong></span> <span class='ocrx_word' id='word_1_219' title='bbox 551 3449 624 3492; x_wconf 88' lang='lat' dir='ltr'><strong>csse</strong></span> <span class='ocrx_word' id='word_1_220' title='bbox 651 3429 817 3510; x_wconf 88' lang='lat' dir='ltr'><strong>immixta,</strong></span> <span class='ocrx_word' id='word_1_221' title='bbox 852 3428 992 3516; x_wconf 91' lang='lat' dir='ltr'><strong>denique</strong></span> <span class='ocrx_word' id='word_1_222' title='bbox 1019 3425 1194 3514; x_wconf 90' lang='lat' dir='ltr'><strong>quodiam</strong></span> <span class='ocrx_word' id='word_1_223' title='bbox 1215 3426 1354 3512; x_wconf 86' lang='lat' dir='ltr'><strong>exposui</strong></span> 
     </span>
     <span class='ocr_line' id='line_1_28' title="bbox 235 3528 1354 3617; baseline -0.001 -24"><span class='ocrx_word' id='word_1_224' title='bbox 235 3540 273 3595; x_wconf 90' lang='lat' dir='ltr'><strong>et</strong></span> <span class='ocrx_word' id='word_1_225' title='bbox 291 3528 431 3596; x_wconf 90' lang='lat' dir='ltr'><strong>aliorum</strong></span> <span class='ocrx_word' id='word_1_226' title='bbox 453 3538 623 3616; x_wconf 87' lang='lat' dir='ltr'><strong>poctarum</strong></span> <span class='ocrx_word' id='word_1_227' title='bbox 650 3529 738 3596; x_wconf 88' lang='lat' dir='ltr'><strong>locos</strong></span> <span class='ocrx_word' id='word_1_228' title='bbox 768 3531 876 3595; x_wconf 88' lang='lat' dir='ltr'><strong>afferri</strong></span> <span class='ocrx_word' id='word_1_229' title='bbox 899 3540 932 3595; x_wconf 90' lang='lat' dir='ltr'><strong>ct</strong></span> <span class='ocrx_word' id='word_1_230' title='bbox 953 3530 1058 3617; x_wconf 90' lang='lat' dir='ltr'><strong>ipsius</strong></span> <span class='ocrx_word' id='word_1_231' title='bbox 1082 3528 1262 3613; x_wconf 84' lang='lat' dir='ltr'><strong>omnigenis</strong></span> <span class='ocrx_word' id='word_1_232' title='bbox 1285 3550 1354 3593; x_wconf 90' lang='lat' dir='ltr'><strong>car-</strong></span> 
     </span>
     <span class='ocr_line' id='line_1_29' title="bbox 234 3631 1353 3720; baseline 0.002 -25"><span class='ocrx_word' id='word_1_233' title='bbox 234 3631 378 3697; x_wconf 91' lang='lat' dir='ltr'><strong>minibus</strong></span> <span class='ocrx_word' id='word_1_234' title='bbox 395 3641 523 3696; x_wconf 87' lang='lat' dir='ltr'><strong>saturas</strong></span> <span class='ocrx_word' id='word_1_235' title='bbox 540 3633 665 3719; x_wconf 88' lang='lat' dir='ltr'><strong>passim</strong></span> <span class='ocrx_word' id='word_1_236' title='bbox 681 3631 843 3720; x_wconf 86' lang='lat' dir='ltr'><strong>expolitas</strong></span> <span class='ocrx_word' id='word_1_237' title='bbox 859 3654 941 3714; x_wconf 87' lang='lat' dir='ltr'><strong>esse,</strong></span> <span class='ocrx_word' id='word_1_238' title='bbox 964 3641 1002 3696; x_wconf 89' lang='lat' dir='ltr'><strong>ut</strong></span> <span class='ocrx_word' id='word_1_239' title='bbox 1016 3641 1104 3696; x_wconf 89' lang='lat' dir='ltr'><strong>recte</strong></span> <span class='ocrx_word' id='word_1_240' title='bbox 1118 3654 1229 3695; x_wconf 90' lang='lat' dir='ltr'><strong>earum</strong></span> <span class='ocrx_word' id='word_1_241' title='bbox 1244 3632 1353 3717; x_wconf 85' lang='lat' dir='ltr'><strong>imago</strong></span> 
     </span>
     <span class='ocr_line' id='line_1_30' title="bbox 235 3733 1354 3819; baseline -0.003 -20"><span class='ocrx_word' id='word_1_242' title='bbox 235 3734 444 3799; x_wconf 90' lang='lat' dir='ltr'><strong>describatur</strong></span> <span class='ocrx_word' id='word_1_243' title='bbox 471 3733 661 3799; x_wconf 91' lang='lat' dir='ltr'><strong>addendum</strong></span> <span class='ocrx_word' id='word_1_244' title='bbox 687 3744 749 3800; x_wconf 91' lang='lat' dir='ltr'><strong>est.</strong></span> <span class='ocrx_word' id='word_1_245' title='bbox 804 3734 905 3799; x_wconf 81' lang='lat' dir='ltr'><strong>Cuius</strong></span> <span class='ocrx_word' id='word_1_246' title='bbox 935 3733 1112 3798; x_wconf 89' lang='lat' dir='ltr'><strong>maximam</strong></span> <span class='ocrx_word' id='word_1_247' title='bbox 1139 3734 1205 3797; x_wconf 90' lang='lat' dir='ltr'><strong>iam</strong></span> <span class='ocrx_word' id='word_1_248' title='bbox 1226 3743 1354 3819; x_wconf 89' lang='lat' dir='ltr'><strong>partem</strong></span> 
     </span>
     <span class='ocr_line' id='line_1_31' title="bbox 229 3824 1453 3922; baseline 0.002 -23"><span class='ocrx_word' id='word_1_249' title='bbox 229 3824 340 3901; x_wconf 51' lang='lat' dir='ltr'><strong>¹nitide</strong></span> <span class='ocrx_word' id='word_1_250' title='bbox 363 3836 539 3901; x_wconf 89' lang='lat' dir='ltr'><strong>admodum</strong></span> <span class='ocrx_word' id='word_1_251' title='bbox 569 3846 603 3901; x_wconf 90' lang='lat' dir='ltr'><strong>et</strong></span> <span class='ocrx_word' id='word_1_252' title='bbox 625 3836 790 3922; x_wconf 86' lang='lat' dir='ltr'><strong>eleganter</strong></span> <span class='ocrx_word' id='word_1_253' title='bbox 812 3836 1034 3901; x_wconf 88' lang='lat' dir='ltr'><strong>Mommsenus</strong></span> <span class='ocrx_word' id='word_1_254' title='bbox 1061 3836 1097 3899; x_wconf 91' lang='lat' dir='ltr'><strong>in</strong></span> <span class='ocrx_word' id='word_1_255' title='bbox 1117 3836 1269 3902; x_wconf 87' lang='lat' dir='ltr'><strong>Historia</strong></span> <span class='ocrx_word' id='word_1_256' title='bbox 1291 3837 1353 3901; x_wconf 86' lang='lat' dir='ltr'><strong>Ro-</strong></span> <span class='ocrx_word' id='word_1_257' title='bbox 1451 3861 1453 3864; x_wconf 88' lang='lat'>·</span> 
     </span>
     <span class='ocr_line' id='line_1_32' title="bbox 234 3927 1352 4025; baseline 0.002 -24"><span class='ocrx_word' id='word_1_258' title='bbox 234 3939 480 4009; x_wconf 82' lang='lat' dir='ltr'><strong>mana111586</strong></span> <span class='ocrx_word' id='word_1_259' title='bbox 504 3960 574 4025; x_wconf 89' lang='lat' dir='ltr'><strong>sqq.</strong></span> <span class='ocrx_word' id='word_1_260' title='bbox 591 3938 642 4003; x_wconf 93' lang='lat' dir='ltr'><strong>ed.</strong></span> <span class='ocrx_word' id='word_1_261' title='bbox 666 3949 740 4004; x_wconf 88' lang='lat' dir='ltr'><strong>tert.</strong></span> <span class='ocrx_word' id='word_1_262' title='bbox 765 3939 927 4025; x_wconf 87' lang='lat' dir='ltr'><strong>depinxit.</strong></span> <span class='ocrx_word' id='word_1_263' title='bbox 970 3939 1129 4003; x_wconf 86' lang='lat' dir='ltr'><strong>Attamen</strong></span> <span class='ocrx_word' id='word_1_264' title='bbox 1150 3927 1251 4003; x_wconf 87' lang='lat' dir='ltr'><strong>unum</strong></span> <span class='ocrx_word' id='word_1_265' title='bbox 1273 3948 1352 4025; x_wconf 92' lang='lat' dir='ltr'><strong>puto</strong></span> 
     </span>
     <span class='ocr_line' id='line_1_33' title="bbox 233 4038 1352 4126; baseline -0.002 -22"><span class='ocrx_word' id='word_1_266' title='bbox 233 4039 369 4105; x_wconf 88' lang='lat' dir='ltr'><strong>accedet</strong></span> <span class='ocrx_word' id='word_1_267' title='bbox 402 4041 520 4104; x_wconf 89' lang='lat' dir='ltr'><strong>summi</strong></span> <span class='ocrx_word' id='word_1_268' title='bbox 547 4042 704 4106; x_wconf 89' lang='lat' dir='ltr'><strong>momenti</strong></span> <span class='ocrx_word' id='word_1_269' title='bbox 732 4040 893 4106; x_wconf 82' lang='lat' dir='ltr'><strong>auxilium</strong></span> <span class='ocrx_word' id='word_1_270' title='bbox 925 4039 969 4104; x_wconf 85' lang='lat' dir='ltr'><strong>ad</strong></span> <span class='ocrx_word' id='word_1_271' title='bbox 995 4041 1126 4126; x_wconf 88' lang='lat' dir='ltr'><strong>penitus</strong></span> <span class='ocrx_word' id='word_1_272' title='bbox 1153 4038 1352 4104; x_wconf 88' lang='lat' dir='ltr'><strong>noscendam</strong></span> 
     </span>
     <span class='ocr_line' id='line_1_34' title="bbox 233 4140 1351 4232; baseline -0.002 -25"><span class='ocrx_word' id='word_1_273' title='bbox 233 4142 477 4229; x_wconf 86' lang='lat' dir='ltr'><strong>Menippearum</strong></span> <span class='ocrx_word' id='word_1_274' title='bbox 507 4142 667 4225; x_wconf 90' lang='lat' dir='ltr'><strong>indolem,</strong></span> <span class='ocrx_word' id='word_1_275' title='bbox 703 4144 792 4229; x_wconf 91' lang='lat' dir='ltr'><strong>quod</strong></span> <span class='ocrx_word' id='word_1_276' title='bbox 820 4164 922 4229; x_wconf 85' lang='lat' dir='ltr'><strong>supra</strong></span> <span class='ocrx_word' id='word_1_277' title='bbox 943 4142 1008 4205; x_wconf 88' lang='lat' dir='ltr'><strong>iam</strong></span> <span class='ocrx_word' id='word_1_278' title='bbox 1029 4142 1130 4232; x_wconf 87' lang='lat' dir='ltr'><strong>uerbo</strong></span> <span class='ocrx_word' id='word_1_279' title='bbox 1154 4140 1351 4227; x_wconf 72' lang='lat' dir='ltr'><strong>significauit</strong></span> 
     </span>
    </p>
   </div>
   <div class='ocr_carea' id='block_1_7' title="bbox 232 4242 1475 4329">
    <p class='ocr_par' dir='ltr' id='par_1_7' title="bbox 232 4242 1475 4329">
     <span class='ocr_line' id='line_1_35' title="bbox 232 4242 1475 4329; baseline -0.003 -20"><span class='ocrx_word' id='word_1_280' title='bbox 232 4244 372 4309; x_wconf 87' lang='lat' dir='ltr'><strong>Luciani</strong></span> <span class='ocrx_word' id='word_1_281' title='bbox 388 4244 461 4310; x_wconf 94' lang='lat' dir='ltr'><strong>dico</strong></span> <span class='ocrx_word' id='word_1_282' title='bbox 476 4242 663 4311; x_wconf 90' lang='lat' dir='ltr'><strong>libellorum</strong></span> <span class='ocrx_word' id='word_1_283' title='bbox 679 4267 752 4309; x_wconf 92' lang='lat' dir='ltr'><strong>cum</strong></span> <span class='ocrx_word' id='word_1_284' title='bbox 767 4244 983 4310; x_wconf 87' lang='lat' dir='ltr'><strong>Varronianis</strong></span> <span class='ocrx_word' id='word_1_285' title='bbox 998 4244 1210 4329; x_wconf 86' lang='lat' dir='ltr'><strong>comparatio.</strong></span> <span class='ocrx_word' id='word_1_286' title='bbox 1244 4242 1353 4323; x_wconf 76' lang='lat' dir='ltr'><strong>Quam</strong></span> <span class='ocrx_word' id='word_1_287' title='bbox 1473 4265 1475 4269; x_wconf 92' lang='lat'>·</span> 
     </span>
    </p>
   </div>
   <div class='ocr_carea' id='block_1_8' title="bbox 232 4344 1352 4740">
    <p class='ocr_par' dir='ltr' id='par_1_8' title="bbox 232 4344 1352 4740">
     <span class='ocr_line' id='line_1_36' title="bbox 232 4344 1352 4433; baseline -0.002 -24"><span class='ocrx_word' id='word_1_288' title='bbox 232 4348 268 4409; x_wconf 95' lang='lat' dir='ltr'><strong>in</strong></span> <span class='ocrx_word' id='word_1_289' title='bbox 289 4346 479 4411; x_wconf 92' lang='lat' dir='ltr'><strong>uniuersum</strong></span> <span class='ocrx_word' id='word_1_290' title='bbox 509 4356 637 4412; x_wconf 90' lang='lat' dir='ltr'><strong>tantum</strong></span> <span class='ocrx_word' id='word_1_291' title='bbox 664 4346 809 4431; x_wconf 88' lang='lat' dir='ltr'><strong>generali</strong></span> <span class='ocrx_word' id='word_1_292' title='bbox 842 4345 986 4433; x_wconf 90' lang='lat' dir='ltr'><strong>quadam</strong></span> <span class='ocrx_word' id='word_1_293' title='bbox 1013 4344 1233 4430; x_wconf 89' lang='lat' dir='ltr'><strong>descriptione</strong></span> <span class='ocrx_word' id='word_1_294' title='bbox 1259 4344 1352 4407; x_wconf 91' lang='lat' dir='ltr'><strong>insti-</strong></span> 
     </span>
     <span class='ocr_line' id='line_1_37' title="bbox 232 4444 1351 4531; baseline -0.003 -19"><span class='ocrx_word' id='word_1_295' title='bbox 232 4457 325 4513; x_wconf 90' lang='lat' dir='ltr'><strong>tuere</strong></span> <span class='ocrx_word' id='word_1_296' title='bbox 348 4470 422 4512; x_wconf 91' lang='lat' dir='ltr'><strong>cum</strong></span> <span class='ocrx_word' id='word_1_297' title='bbox 445 4447 568 4521; x_wconf 86' lang='lat' dir='ltr'><strong>nullam</strong></span> <span class='ocrx_word' id='word_1_298' title='bbox 589 4448 727 4514; x_wconf 89' lang='lat' dir='ltr'><strong>haberet</strong></span> <span class='ocrx_word' id='word_1_299' title='bbox 748 4447 935 4529; x_wconf 88' lang='lat' dir='ltr'><strong>utilitatem,</strong></span> <span class='ocrx_word' id='word_1_300' title='bbox 958 4445 1101 4531; x_wconf 88' lang='lat' dir='ltr'><strong>singulos</strong></span> <span class='ocrx_word' id='word_1_301' title='bbox 1117 4453 1227 4510; x_wconf 90' lang='lat' dir='ltr'><strong>autem</strong></span> <span class='ocrx_word' id='word_1_302' title='bbox 1248 4444 1351 4511; x_wconf 92' lang='lat' dir='ltr'><strong>libros</strong></span> 
     </span>
     <span class='ocr_line' id='line_1_38' title="bbox 233 4547 1351 4637; baseline -0.006 -21"><span class='ocrx_word' id='word_1_303' title='bbox 233 4573 345 4616; x_wconf 88' lang='lat' dir='ltr'><strong>omnes</strong></span> <span class='ocrx_word' id='word_1_304' title='bbox 369 4573 561 4637; x_wconf 87' lang='lat' dir='ltr'><strong>percensere</strong></span> <span class='ocrx_word' id='word_1_305' title='bbox 584 4574 657 4616; x_wconf 90' lang='lat' dir='ltr'><strong>cum</strong></span> <span class='ocrx_word' id='word_1_306' title='bbox 680 4550 813 4635; x_wconf 91' lang='lat' dir='ltr'><strong>longum</strong></span> <span class='ocrx_word' id='word_1_307' title='bbox 835 4558 933 4632; x_wconf 90' lang='lat' dir='ltr'><strong>esset,</strong></span> <span class='ocrx_word' id='word_1_308' title='bbox 957 4548 1039 4614; x_wconf 88' lang='lat' dir='ltr'><strong>duos</strong></span> <span class='ocrx_word' id='word_1_309' title='bbox 1053 4548 1131 4613; x_wconf 88' lang='lat' dir='ltr'><strong>inde</strong></span> <span class='ocrx_word' id='word_1_310' title='bbox 1145 4547 1351 4635; x_wconf 90' lang='lat' dir='ltr'><strong>potissimum</strong></span> 
     </span>
     <span class='ocr_line' id='line_1_39' title="bbox 232 4648 1351 4740; baseline -0.004 -23"><span class='ocrx_word' id='word_1_311' title='bbox 232 4652 439 4740; x_wconf 89' lang='lat' dir='ltr'><strong>depromam,</strong></span> <span class='ocrx_word' id='word_1_312' title='bbox 464 4674 544 4739; x_wconf 91' lang='lat' dir='ltr'><strong>quos</strong></span> <span class='ocrx_word' id='word_1_313' title='bbox 567 4675 641 4717; x_wconf 91' lang='lat' dir='ltr'><strong>cum</strong></span> <span class='ocrx_word' id='word_1_314' title='bbox 662 4653 822 4718; x_wconf 89' lang='lat' dir='ltr'><strong>Varronis</strong></span> <span class='ocrx_word' id='word_1_315' title='bbox 843 4650 1027 4739; x_wconf 89' lang='lat' dir='ltr'><strong>Menippeis</strong></span> <span class='ocrx_word' id='word_1_316' title='bbox 1049 4650 1226 4717; x_wconf 90' lang='lat' dir='ltr'><strong>conferam.</strong></span> <span class='ocrx_word' id='word_1_317' title='bbox 1270 4648 1351 4737; x_wconf 86' lang='lat' dir='ltr'><strong>Jup-</strong></span> 
     </span>
    </p>
   </div>
   <div class='ocr_carea' id='block_1_9' title="bbox 0 0 1784 5709">
    <p class='ocr_par' dir='ltr' id='par_1_9' title="bbox 0 0 1784 5709">
     <span class='ocr_line' id='line_1_40' title="bbox 0 0 1784 5709; baseline 0 3"><span class='ocrx_word' id='word_1_318' title='bbox 0 0 1784 5709; x_wconf 95' lang='lat' dir='ltr'><strong> </strong></span> 
     </span>
    </p>
   </div>
  </div>
 </body>
</html>
