3559 5709
743 720 869 777 esrvr
900 721 909 775 1
1243 678 1261 717 ²
1364 712 1385 777 9

267 906 341 948 cum
364 905 487 946 meram
515 878 669 948 festiua⁰m
696 905 805 947 omnes
828 883 968 967 gratiam
996 884 1135 970 spirent,
1165 884 1250 947 seria
1276 891 1384 947 tamen

266 1010 341 1051 eum
357 986 573 1050 immiscuisse
589 1009 631 1049 cx
653 986 721 1049 eius
745 985 888 1070 epitheto
913 975 930 1046 ὁ
952 986 1088 1059 κυνικός
1112 986 1169 1069 (cf.
1193 984 1384 1050 Athenaeus

266 1090 320 1154 XI
335 1113 367 1176 p·
385 1088 485 1173 5020)
509 1085 679 1173 probabile
702 1095 767 1169 est,
797 1087 844 1150 ita
867 1087 1007 1170 donique
1028 1088 1113 1151 Bion
1135 1086 1383 1173 Borysthenites

265 1182 492 1275 ὑπομνήματα
520 1212 580 1253 sna
609 1188 721 1275 (Diog.
744 1190 783 1253 L.
807 1188 857 1252 IV
887 1189 941 1273 47)
971 1190 1168 1275 composuit,
1197 1212 1292 1274 quem
1320 1190 1383 1276 pri-

265 1316 356 1357 mum
377 1291 431 1357 uel
453 1290 688 1355 Eratosthenes
713 1291 826 1376 (Diog.
849 1291 887 1354 L.
905 1290 954 1355 IV
977 1300 1028 1361 52.
1052 1291 1203 1356 StraboI
1226 1300 1257 1372 2,
1274 1291 1308 1375 2)
1330 1290 1384 1355 uel

265 1393 513 1480 Theophrastus
523 1394 547 1479 ¹)
579 1392 635 1478 (cf.
658 1393 837 1457 Metrodor.
861 1393 918 1477 qui
946 1392 1065 1455 dicitur
1088 1388 1164 1471 περὶ
1192 1389 1384 1475 αίσθήσεων

266 1498 303 1560 in
323 1495 402 1561 uoll.
419 1494 618 1559 Herculann.
637 1494 686 1558 VI
709 1494 770 1559 col.
787 1494 867 1581 XV)
892 1493 1131 1581 philosophiam
1153 1506 1245 1559 ueste
1268 1494 1386 1559 florida

221 1585 224 1590 ¹
266 1598 416 1663 induisse
444 1597 574 1682 dixit.²)
630 1597 756 1661 Eodem
790 1596 885 1660 modo
918 1596 1066 1681 Menippi
1098 1596 1174 1661 libri
1207 1598 1383 1683 conscripti

266 1709 376 1782 erant,
406 1720 486 1786 quos
510 1722 551 1762 ne
575 1722 616 1763 ex
637 1699 796 1783 Diogenis
825 1698 935 1762 uerbis
959 1699 1080 1780 ‘aspa
1102 1695 1165 1782 μὲν
1191 1685 1254 1762 οὖν
1277 1716 1384 1763 σπου-

267 1804 367 1866 δαῖον
390 1793 502 1865 οὐδέν.
536 1792 577 1863 τὰ
599 1795 636 1863 δὲ
658 1802 773 1883 βιβλία
796 1791 904 1863 αὐτοῦ
926 1799 1057 1863 πολλοῦ
1078 1800 1306 1883 καταγέλωτος
1328 1798 1385 1883 γε’-

265 1926 322 1987 μει
345 1894 415 1967 κατ’
441 1896 516 1966 ἴσον
544 1913 613 1975 τοῖς
636 1898 839 1986 Μελεάγρου
862 1905 923 1965 τοῦ
953 1899 1024 1965 κατ’
1050 1894 1155 1967 αὐτὸν
1180 1901 1383 1986 γενομένου’

265 1990 402 2093 prors'us
424 2005 504 2069 iocis
527 2005 715 2070 constitisse
738 2027 858 2085 sumas,
874 2006 1015 2091 primum
1030 2006 1183 2091 prohibet
1198 2006 1285 2092 quod
1300 2006 1385 2069 inter

266 2105 539 2194 philosophorum
554 2107 671 2170 seriem
685 2108 852 2191 Diogenes
870 2129 945 2170 eum
964 2109 1088 2192 recepit
1110 2108 1260 2193 quodque
1276 2122 1385 2171 σπου-

267 2204 444 2291 δογέλοιον
467 2217 564 2275 vocat
586 2208 704 2273 Strabo
730 2206 829 2292 (XVI
852 2217 882 2289 2,
907 2210 973 2293 29),
997 2218 1065 2273 tum
1087 2232 1167 2275 uero
1189 2210 1252 2272 uiri
1275 2209 1383 2294 imago

267 2310 397 2397 qualem
425 2334 467 2375 ex
493 2310 640 2375 Luciano
669 2319 800 2374 strenuo
824 2312 893 2375 eius
923 2321 1083 2376 sectatore
1112 2312 1166 2397 qui
1195 2312 1385 2398 saepissime

265 2413 301 2475 in
323 2411 462 2496 dialogis
486 2434 559 2476 eum
580 2411 760 2477 introducit
782 2412 877 2478 nobis
902 2412 1079 2498 depingere
1101 2436 1284 2498 possumus
1320 2414 1384 2495 Qui

266 2536 463 2601 quamquam
491 2536 565 2578 eum
593 2514 640 2577 sie
668 2514 827 2578 describit
854 2513 953 2599 (dial.
982 2524 1078 2580 mort.
1103 2515 1136 2596 Ι,
1160 2516 1216 2597 2);
1257 2513 1385 2597 (γέρων

267 2606 451 2698 φαλακρὸς,
475 2610 656 2698 τριβώνιον
679 2617 764 2697 ἔχων
787 2610 1000 2697 πολύθυρον,
1024 2612 1146 2679 ἅπαντι
1168 2608 1278 2704 ἀνέμῳ
1302 2608 1384 2680 oiva-

267 2715 483 2799 πεπταμένον
505 2713 560 2781 καλ
583 2728 654 2791 ταῖς
676 2715 868 2799 ἐπιπτυχαῖς
884 2716 951 2780 τῶν
967 2716 1094 2801 ῥακίων
1110 2721 1280 2783 ποικίλον·
1305 2721 1387 2804 γελᾷ

267 2811 298 2882 d’
329 2809 380 2881 ἆελ
408 2814 462 2881 καλ
490 2810 530 2881 τολ
558 2812 667 2882 πολλὰ
695 2811 773 2893 τούς
801 2811 963 2897 ἀλαζόνας
998 2816 1140 2894 τούτους
1174 2814 1386 2901 φιλοσόφους

266 2915 484 2985 ε’πισκώπτει’
513 2920 587 2985 aliis
621 2931 729 2985 tamen
757 2921 837 2986 locis
871 2923 955 2985 serio
983 2943 1022 2984 ac
1051 2922 1120 2986 fere
1153 2932 1282 2986 austere
1311 2944 1385 2985 eum

267 3023 463 3109 sapientiam
485 3045 578 3086 suam
601 3023 791 3088 edocentem
813 3023 895 3087 facit
918 3021 974 3107 (cf.
997 3025 1228 3108 necyomantia
1253 3034 1290 3092 14
1314 3047 1384 3109 sqq.

267 3124 346 3189 dial.
362 3135 459 3190 mort.
476 3125 570 3211 XX).
601 3126 645 3191 Et
666 3127 745 3189 haec
761 3148 840 3189 sane
856 3124 937 3189 satis
959 3123 1100 3210 simplex
1115 3133 1199 3188 erat:
1225 3148 1385 3189 summum

266 3226 354 3290 enim
376 3226 533 3312 sapientis
556 3227 678 3292 bonum
694 3218 755 3310 τὴν
775 3217 945 3291 ἄπαθειάν
968 3225 1120 3308 ducebat,
1144 3234 1180 3290 ut
1203 3218 1255 3290 ‘sd
1278 3218 1386 3309 παρὸν

267 3312 308 3391 εὖ
328 3325 490 3409 θέμενος’
513 3327 558 3391 nil
586 3340 719 3415 cuperet
748 3328 794 3392 nil
817 3338 977 3394 metueret
1005 3328 1195 3413 modiceque
1223 3337 1255 3393 et
1277 3329 1385 3414 quiete

267 3429 419 3496 omnibus
441 3430 477 3492 in
498 3430 596 3496 rebus
626 3442 658 3495 et
681 3431 911 3517 conquirendis
940 3440 973 3495 et
994 3430 1141 3494 fruendis
1170 3452 1204 3493 se
1232 3429 1384 3512 haberet3

266 3531 368 3596 etiam
390 3531 424 3593 in
446 3529 704 3617 philosophando
726 3531 816 3596 ultra
838 3542 945 3597 certos
975 3540 1142 3616 statosque
1165 3531 1321 3595 terminos
1345 3553 1385 3595 ne

266 3631 480 3717 egrederetur
495 3633 697 3720 subtilesque
713 3633 952 3721 disputationes
974 3632 1242 3719 philosophorum
1255 3642 1293 3697 ut
1308 3656 1385 3698 uen-

337 3890 362 3953 1)
381 3890 576 3942 Eratosthenis
600 3906 660 3942 esse
683 3892 734 3942 hoc
757 3893 851 3943 facete
874 3891 979 3941 dietum
1002 3906 1056 3941 non
1075 3890 1175 3941 Strabo
1193 3894 1314 3952 tantum,
1339 3892 1386 3955 qui

266 3976 355 4040 ipsius
377 3975 464 4025 uerba
489 3980 554 4025 ante
579 3976 674 4025 oculos
696 3977 808 4038 habuit,
836 3974 922 4026 multo
944 3974 1118 4042 probabilius
1141 3975 1243 4036 reddit,
1269 3976 1317 4025 sed
1340 3992 1385 4026 res

265 4063 330 4125 ipsa
348 4061 429 4111 unice
447 4057 543 4110 uer‘um
561 4060 682 4111 ostendit
701 4077 776 4123 esse,
801 4077 861 4110 cum
879 4060 1114 4125 Theophrastum,
1141 4060 1219 4110 cuius
1236 4061 1296 4124 ipse
1314 4060 1386 4109 Bion

265 4149 328 4196 erat
351 4143 519 4209 discipulus,
546 4146 701 4195 imitatores
724 4147 809 4196 etiam
830 4146 941 4210 Bionis,
965 4146 1013 4209 qui
1034 4145 1159 4209 primus
1182 4144 1386 4209 philosophiam

268 4229 429 4291 adornauit,
458 4232 538 4280 notos
565 4230 698 4281 habuisse
721 4230 853 4296 temporis
881 4230 954 4279 ratio
977 4230 1133 4294 prohibeat.
1176 4229 1237 4279 Iam
1260 4234 1384 4295 apparet,

266 4330 323 4380 quo
342 4314 401 4363 iure
419 4313 600 4380 Neapolitani
619 4315 739 4366 editores
761 4312 918 4366 Metrodoro
938 4314 1052 4380 Epicuri
1071 4315 1175 4377 amico,
1199 4311 1386 4378 Theophrasti

267 4397 384 4464 aequali
402 4398 475 4448 hunc
492 4398 591 4450 librum
610 4401 734 4450 tribuere
753 4401 814 4450 sine
832 4400 891 4450 ulla
911 4414 997 4449 causa
1016 4400 1109 4450 conati
1127 4402 1199 4449 sunt.

337 4482 366 4550 2)
384 4484 500 4533 Bionem
511 4485 653 4550 Diogenes
673 4484 782 4549 quidem
799 4486 873 4534 inter
891 4484 1065 4535 academicos
1085 4487 1241 4545 enumerat,
1261 4484 1308 4534 sed
1326 4485 1385 4550 ipse

267 4568 337 4619 dicit
356 4568 405 4632 (IV
423 4566 482 4632 51):
501 4555 594 4628 ‘crisos
612 4561 665 4636 τὴν
683 4559 776 4635 ἀρχὴν
793 4562 847 4634 μὲν
864 4570 1020 4636 παρῃτεῖτο
1038 4562 1073 4620 τοὶ
1089 4560 1284 4633 Ἀκαδημαϊκοὶ
1304 4596 1335 4603 -
1353 4595 1385 4605 ·-

267 4643 324 4705 εἴτ’
344 4645 510 4705 ἐπανείλετο
529 4646 583 4719 τὴν
602 4647 732 4719 Κυνικήν
749 4642 877 4720 ἐραννήν,
896 4646 990 4720 λαβὼν
1007 4651 1132 4720 τρίβωνα
1150 4649 1200 4705 καλ
1218 4643 1334 4718 πήραν)
