3559 5709
833 706 964 763 CAPV'I'
986 707 996 764 l
1430 701 1473 765 29

352 867 434 932 satis
449 866 608 961 ,licenter
636 867 678 931 ab
714 867 787 953 ipsa
820 867 936 933 tabula
966 863 1009 931 ad
1036 890 1088 931 res
1124 890 1256 932 suorum
1289 878 1472 955 temporum

352 967 494 1033 ridicule
517 967 742 1056 depingendas
766 969 952 1050 transierit,
983 992 1088 1055 neque
1115 970 1150 1032 in
1172 969 1245 1033 aliis
1269 970 1311 1035 ab
1340 992 1377 1034 eo
1400 992 1472 1056 pro-

350 1071 460 1158 posito
490 1092 563 1135 eum
591 1070 735 1136 alienum
761 1071 865 1135 fuisse
892 1070 1068 1135 uerisimile
1097 1081 1158 1137 est.
1209 1072 1249 1135 In
1275 1070 1472 1156 logistoricis

351 1195 483 1259 quoque
503 1195 523 1236 a
537 1171 698 1237 fabulosis
721 1174 1017 1239 rebusVarronem
1033 1196 1100 1237 non
1114 1195 1248 1259 prorsus
1264 1173 1473 1256 abhorruisse

352 1275 488 1340 Orestes
511 1286 544 1339 et
560 1275 724 1361 Tanaquil
747 1275 792 1360 (si
806 1276 939 1361 quidem
953 1273 1155 1339 Mercklinus
1176 1298 1257 1339 mus.
1273 1275 1387 1361 philol.
1402 1274 1473 1339 XII

350 1399 386 1462 P·
403 1384 463 1447 392
480 1400 529 1463 sq.
546 1375 760 1463 Tanaquilem
781 1378 868 1441 inter
883 1376 1085 1461 logistoricos
1101 1386 1188 1441 recte
1202 1376 1341 1465 rettulit)
1366 1388 1472 1442 osten-

320 1521 334 1540 ,
352 1477 437 1542 dunt
466 1477 522 1561 (cf.
546 1477 744 1544 Ritschelius
767 1502 850 1543 mus.
873 1478 986 1565 philol.
1011 1479 1061 1543 VI
1089 1503 1121 1566 p.
1145 1482 1237 1562 543);
1266 1489 1409 1544 ceterum
1432 1479 1473 1542 de

350 1578 406 1643 his
433 1578 526 1643 libris
549 1581 637 1645 infra
659 1582 844 1646 accuratius
868 1581 1058 1667 disputabo.
1081 1618 1124 1629 —
1146 1581 1342 1667 Saepissime
1364 1592 1474 1646 autem

350 1682 388 1744 in
411 1673 471 1745 sua
494 1692 601 1747 aetate
617 1683 799 1749 Varronem
822 1684 985 1749 actionem
1008 1692 1139 1747 saturae
1161 1682 1340 1748 collocasse
1362 1693 1395 1748 et
1416 1706 1474 1769 per

351 1806 389 1848 se
404 1783 582 1848 uerisimile
605 1795 655 1849 cst
678 1795 710 1849 et
731 1786 809 1849 inde
832 1795 979 1871 apparet,
1004 1784 1091 1871 quod
1114 1784 1271 1849 ‘Marcus'
1295 1808 1357 1871 quo
1380 1807 1472 1871 prae-

349 1886 485 1950 nomine
508 1908 543 1950 se
564 1886 678 1972 >ipsum
707 1887 886 1972 significari
912 1888 1001 1970 uult,
1035 1897 1072 1951 ut
1094 1887 1238 1951 Bimarci
1265 1886 1313 1971 fg.
1337 1886 1390 1952 III
1419 1886 1472 1950 de-

350 1988 473 2070 clarat,
511 1998 643 2075 praeter
678 1989 765 2053 hunc
797 1989 904 2054 locum
937 1990 1036 2054 etiam
1070 1991 1189 2073 Sexag.
1222 1988 1271 2073 fg.
1304 1987 1408 2053 XVII
1442 1998 1473 2053 et

349 2088 506 2154 Flaxtab.
523 2090 571 2173 fg.
587 2090 636 2153 VI
657 2091 692 2153 in
706 2093 912 2158 sermonibus
929 2091 1081 2172 occurrit,
1105 2091 1255 2177 quodque
1276 2090 1473 2154 inBimarco

350 2202 387 2257 et
402 2191 587 2277 Marcipore
604 2202 636 2257 et
650 2192 832 2280 Marcopoli
854 2194 976 2258 saturis
992 2216 1128 2278 magnas
1144 2194 1214 2257 eius
1236 2202 1346 2279 partes
1369 2192 1473 2256 fuisse

349 2316 413 2381 per
435 2316 470 2358 se
492 2305 748 2360 consentaneum
770 2306 830 2361 est.

439 2396 592 2461 Imitatus
614 2420 686 2461 esse
714 2397 821 2464 Varro
850 2398 983 2463 uidetur
1009 2399 1045 2461 in
1066 2398 1207 2463 Tithono
1239 2394 1328 2484 [asel
1349 2392 1472 2481 γήρως]

351 2498 519 2581 Aristonis
553 2497 611 2563 Cei
637 2499 849 2585 Peripatetici
876 2499 1013 2583 librum,
1047 2522 1110 2586 quo
1139 2499 1319 2565 Tithonum
1350 2497 1405 2561 ille
1433 2498 1474 2561 de

351 2610 523 2666 senectute
551 2601 767 2665 disserentem
793 2601 986 2685 induxerat3
1022 2602 1064 2666 cf.
1088 2602 1202 2667 Cicero
1226 2600 1361 2666 Catonis
1390 2621 1417 2663 c.
1442 2608 1473 2668 3.

350 2700 552 2768 Ritschelius
575 2725 658 2767 mus
674 2702 787 2789 philol.
804 2706 820 2768 Ι
836 2727 867 2790 p.
887 2712 947 2774 193
972 2727 1041 2790 sqq.
1075 2704 1268 2768 Krahnerus
1291 2704 1312 2767 l.
1330 2725 1357 2766 c.
1373 2725 1406 2788 p.
1422 2708 1473 2769 21.

350 2806 457 2871 Porro
465 2805 651 2871 Promethei
664 2803 934 2870 declamationem
949 2808 984 2869 in
999 2808 1191 2891 cognomine
1207 2817 1318 2872 satura
1329 2802 1473 2888 Aeschy-

351 2905 425 2971 leae
447 2929 518 2971 esse
540 2905 678 2971 similem
693 2907 861 2972 Vahlenus
885 2909 970 2973 coni.
986 2931 1018 2994 p.
1036 2918 1096 2979 168
1112 2932 1160 2994 sq.
1185 2908 1333 2992 agnouit3
1357 2908 1472 2970 Eume-

350 3007 449 3074 nides
465 3018 575 3073 autem
589 3007 750 3075 Varronis
775 3011 855 3096 quin
876 3009 965 3074 idem
988 3033 1019 3095 p.
1039 3004 1099 3081 170
1122 3033 1170 3097 sq.
1194 3009 1237 3073 ad
1257 3007 1474 3093 Aeschylcam

350 3110 502 3177 fabulam
530 3119 618 3175 recte
647 3110 811 3176 rettulerit
841 3113 972 3194 dubito,
1012 3135 1085 3176 cum
1116 3113 1253 3176 unicum
1281 3112 1327 3195 fg.
1357 3109 1474 3173 XLIX

351 3212 464 3299 aliquo
485 3213 583 3279 modo
605 3214 681 3278 huic
696 3214 839 3301 opinioni
863 3214 1036 3300 suffragari
1057 3216 1172 3301 possit.
1210 3214 1264 3279 Ad
1281 3214 1372 3299 Sesq.
1387 3213 1475 3292 idem

352 3313 446 3401 quod
465 3315 501 3378 in
522 3315 696 3403 propatulo
719 3327 790 3381 erat
806 3316 971 3402 Odyssiae
986 3340 1101 3382 uersus
1121 3317 1247 3403 aliquot
1262 3315 1472 3402 comparauit.

352 3415 487 3501 Agatho
508 3418 668 3505 numquid
691 3417 734 3481 ad
756 3418 903 3483 Platonis
934 3418 1119 3506 exemplum
1146 3418 1276 3482 effictus
1305 3419 1363 3499 sit,
1398 3414 1473 3480 nolo

353 3518 542 3583 decernere.
587 3519 670 3584 Cum
686 3519 789 3584 Aiace
812 3521 1033 3585 stramenticio
1057 3519 1250 3607 Apollodori
1265 3518 1361 3584 Geloi
1381 3522 1475 3581 Ψευ-

356 3620 500 3684 ὃαίαντα
532 3621 692 3687 Oehlerus
724 3631 756 3686 et
781 3622 980 3687 Ritschelius
1008 3646 1091 3687 mus.
1121 3620 1232 3710 philol.
1255 3622 1327 3685 XII
1353 3644 1384 3707 Ρ.
1414 3629 1474 3691 152

351 3723 540 3790 conferunt.
584 3724 685 3789 Plura
706 3725 897 3790 imitationis
920 3725 1060 3809 uestigia
1081 3747 1147 3789 non
1167 3724 1323 3789 uidentur
1345 3733 1475 3806 extare3

352 3825 485 3891 omnino
514 3835 623 3891 autem
651 3827 850 3909 Varronem,
884 3849 1097 3913 quaecunque
1124 3828 1160 3890 in
1188 3826 1298 3891 satiris
1327 3826 1475 3890 imitatus
1558 3903 1564 3919 .

352 3934 420 4007 est,
453 3925 619 3993 liberrime
648 3950 742 3992 suum
770 3930 805 3992 in
831 3951 928 3993 usum
955 3930 1097 3993 uertisse
1126 3929 1194 3994 fere
1221 3950 1281 4015 pro
1309 3937 1474 4014 comperto

352 4027 521 4094 affirmare
543 4052 728 4116 possumus.

440 4131 542 4195 Porro
557 4131 676 4216 Varro,
700 4134 787 4197 sicut
801 4132 980 4214 Lucianus,
1005 4132 1154 4217 dialogos
1177 4132 1368 4217 saepissime
1384 4152 1468 4195 com-

350 4232 505 4319 posuisse
533 4233 680 4318 uidetur3
715 4232 777 4299 hoc
805 4234 954 4298 indicant
982 4257 1056 4297 cum
1077 4233 1265 4320 frequenter
1286 4233 1396 4320 posita
1416 4230 1473 4296 illa

352 4338 504 4415 ‘inquam’
528 4340 649 4416 ‘inquit'
674 4334 793 4401 similia
816 4336 873 4421 (cf.
897 4335 1053 4421 Epitaph.
1077 4336 1124 4400 II.
1147 4339 1269 4417 Σκιαμ.
1293 4334 1354 4399 IV.
1376 4335 1473 4399 Eum.

352 4436 418 4502 IX.
453 4436 570 4502 XXX.
602 4438 805 4511 XXXVIII.
844 4428 918 4501 ’'Ov.
942 4434 1016 4519 talo.
1049 4437 1144 4502 XVI.
1178 4438 1213 4500 in
1240 4437 1358 4524 quibus
1385 4458 1475 4501 more

351 4537 484 4604 Platoni
497 4540 563 4603 iam
579 4541 701 4605 usitato
716 4539 915 4627 colloquium
937 4561 1002 4603 non
1023 4541 1131 4625 ipsum
1152 4540 1246 4625 quasi
1268 4539 1301 4602 in
1324 4562 1475 4604 scaenam

352 4640 508 4728 produci,
537 4642 595 4707 sed
617 4643 660 4707 ab
682 4642 789 4729 aliquo
812 4643 941 4706 homine
963 4643 1110 4706 enarrari
1130 4642 1279 4723 uidetur,
1309 4642 1366 4727 qui
1387 4640 1474 4705 illius
