3559 5709
682 656 758 756 ¹us
779 697 927 755 lucanus
950 699 1086 756 slrvus
1192 697 1194 702 ’
1332 670 1459 758 ’239

423 859 543 946 'Atque
565 860 698 924 innixae
722 862 865 944 [aereae]
887 863 922 924 in
944 861 1114 925 cardinum
1137 859 1284 926 turbines

425 961 551 1027 Tardos
574 1001 625 1025 -.

857 1063 941 1146 †VI

424 1164 511 1230 Huic
534 1165 648 1229 similis
673 1166 744 1249 [ex]
768 1164 854 1230 curis
878 1164 1033 1252 expedita
1055 1163 1262 1231 lamentatur.

828 1283 897 1348 VII
919 1285 967 1366 (4)

422 1383 611 1449 Macrobius
634 1385 766 1451 Saturn.
789 1384 889 1468 Vas,
908 1393 947 1454 13
971 1379 1216 1468 *Ψαμμακόσια
1238 1395 1349 1450 autem
1371 1406 1457 1448 scor-

336 1508 411 1549 sum
433 1507 493 1573 pro
515 1485 626 1551 multis
649 1485 754 1551 Varro
778 1508 875 1573 saepe
897 1486 931 1550 in
952 1486 1135 1574 Menippeis
1158 1487 1226 1551 suis
1248 1469 1381 1573 posuit?
1473 1482 1493 1540 5

802 1604 991 1692 †V111(7)
1108 1688 1122 1712 ,

422 1705 548 1771 Nonius
571 1729 603 1794 p.
626 1714 700 1789 206,
723 1715 764 1777 24
798 1706 1026 1773 ‘Fulmentum
1048 1719 1176 1790 neutro,
1200 1717 1237 1772 ut
1258 1707 1361 1777 estin
1383 1730 1455 1793 pro·

332 1807 468 1890 uerbio‚
496 1828 560 1894 quo
584 1808 689 1874 Varro
712 1809 814 1874 utitur
837 1809 984 1895 saepius:
1017 1809 1191 1874 Fulmenta
1217 1808 1337 1874 lectum
1364 1831 1456 1874 scan-

334 1909 445 1974 dunt'
473 1931 475 1935 ·

816 1995 902 2078 alx
924 1995 973 2080 (6)

422 2093 545 2159 Seneca
560 2087 818 2159 Ἀποκολοκυντ.
830 2117 858 2159 c.
872 2105 891 2167 8
915 2091 1159 2180 εἘπικούρειος
1173 2089 1271 2173 θεός’
1288 2095 1455 2182 (saillau-

284 2262 289 2270 ,
333 2195 425 2280 dius)
449 2200 531 2259 ‘non
546 2206 656 2285 potest
671 2219 757 2261 esse:
783 2190 860 2260 οὔτε
883 2191 983 2272 αὐτὸς
1005 2197 1141 2281 πρᾶγμα
1163 2199 1229 2280 ἔχει
1250 2192 1328 2262 οὔτε
1343 2195 1505 2272 ἄλλοιςΙθ

331 2296 482 2381 παρέχει.
527 2299 680 2364 Stoicus?
703 2298 864 2386 quomodo
887 2309 996 2386 potest
1018 2299 1214 2364 rotundus
1242 2323 1325 2382 esse,
1348 2310 1387 2365 ut
1403 2301 1456 2364 'ait
1482 2386 1484 2391 Ι

331 2397 455 2483 Varro,
479 2400 565 2465 sine
587 2401 740 2487 capite,
764 2403 850 2466 sine
872 2400 1132 2489 praeputio?'

841 2520 875 2585 X
900 2521 948 2606 (2)

421 2619 643 2685 Tertullianus
667 2622 870 2706 apologetico
893 2645 921 2686 c.
939 2633 979 2692 14
1002 2622 1086 2687 ‘Sed
1108 2633 1142 2688 et
1158 2622 1323 2707 Diogenes
1345 2622 1455 2686 nescio

284 2752 290 2803 '.
331 2721 423 2808 quid¹
437 2722 472 2786 in
493 2720 669 2787 Herculem
691 2722 774 2788 ludit
797 2732 829 2787 et
850 2724 1019 2788 Romanus
1043 2723 1177 2810 cynicus
1200 2723 1307 2788 Varro
1330 2732 1454 2787 trecen-

329 2832 386 2887 tos
409 2824 504 2888 Ioues
530 2861 564 2870 -
590 2823 661 2888 siue
682 2824 850 2911 Iuppitros
880 2816 1036 2889 dice'ndos
1058 2863 1101 2871 -
1123 2827 1193 2888 sine
1221 2825 1385 2910 capitibus
1407 2825 1454 2888 in·
1467 2832 1524 2891 15x

330 2924 504 2990 troducit?
548 2925 641 2989 [dem
663 2924 706 2988 ad
727 2927 876 2991 nationes
901 2927 974 2996 110
997 2927 1082 2991 ‘Sed
1104 2937 1137 2992 et
1153 2926 1320 3010 Diogenes
1343 2927 1454 2991 nescio
1505 2970 1507 2979 ,

330 3025 418 3113 quill
440 3027 475 3090 in
502 3026 678 3092 Herculem
709 3027 789 3093 lusit
821 3040 853 3094 et
886 3022 1025 3093 Romani
1058 3027 1125 3091 stili
1153 3028 1318 3112 Diogenes
1348 3028 1454 3093 Varro

330 3137 496 3192 trecentos
528 3129 626 3195 Ioues
656 3151 779 3194 —seu
808 3119 992 3216 Iuppiteres
1028 3128 1203 3194 dicendum
1237 3138 1288 3193 est
1315 3167 1357 3176 —
1384 3130 1454 3192 sine

330 3229 497 3315 capitibus
519 3232 669 3296 inducit'

418 3433 595 3499 Diomedes
611 3434 629 3498 I
644 3458 676 3521 p.
693 3443 765 3518 371,
782 3443 822 3505 23
845 3333 956 3499 illiba
978 3435 1019 3499 de
1042 3443 1196 3521 quattuor
1219 3431 1453 3517 coniugationi-
1464 3435 1507 3509 20(

330 3536 407 3618 bus,
431 3558 515 3622 quae
537 3536 702 3624 pertinent
724 3537 768 3600 ad
789 3537 904 3619 uerba,
927 3558 1011 3623 quae
1033 3536 1204 3620 analogiae
1226 3542 1352 3621 parent,
1376 3557 1453 3620 qua-

331 3708 482 3757 Varronem
502 3710 548 3772 qui
567 3709 608 3758 ait
627 3713 685 3759 ...²
722 3709 799 3771 Quae
819 3725 880 3759 cum
898 3714 1014 3758 metrum
1039 3710 1172 3760 creticum
1190 3709 1325 3760 Varronis
1342 3707 1455 3756 Atacini

332 3791 388 3826 non
407 3791 468 3826 esse
488 3776 625 3841 ostendat,
646 3777 680 3826 ad
692 3777 856 3843 Menippeas
876 3778 1023 3827 referenda
1041 3782 1115 3843 puto.
1168 3777 1207 3828 VI
1226 3777 1339 3842 Sergius
1357 3776 1386 3824 in
1399 3776 1452 3824 Do-

332 3848 428 3893 natum
446 3861 472 3910 p.
491 3846 549 3908 564,
570 3848 600 3895 17
623 3845 656 3894 Κ.
688 3844 884 3911 ‘Superuaeua
906 3847 1017 3911 ponitur
1040 3853 1088 3908 (sc.
1107 3845 1302 3912 praepositio),
1325 3848 1356 3892 ut
1380 3842 1453 3908 apud

332 3913 485 3962 Varronem
507 3948 555 3966 ...
575 3929 613 3963 ex
632 3914 705 3963 enim
724 3929 898 3979 superuacua
916 3919 979 3966 est)
1032 3916 1057 3963 X
1076 3914 1119 3965 Of.
1138 3913 1219 3978 proll.
1237 3929 1264 3977 p.
1286 3915 1332 3982 10.v
1345 3914 1386 3963 31.
1409 3911 1452 3958 De

334 4107 344 4155 l
372 4120 466 4160 aereae
482 4105 582 4160 addidi
595 4096 608 4184 ΙΙ
647 4109 681 4158 12
706 4105 797 4161 tardos
820 4105 942 4160 turbines
959 4104 1038 4158 Casa.
1055 4095 1069 4181 ΙΙ
1085 4103 1210 4158 Creticae
1225 4103 1342 4172 institui,
1362 4100 1453 4155 uerba

330 4191 465 4244 constitui
477 4180 492 4268 ll
534 4193 598 4245 tter
614 4191 802 4246 adulfestre
817 4180 830 4269 ΙΙ
846 4189 955 4262 expedit
969 4189 1149 4244 alementatm
1162 4188 1224 4242 cod.
1240 4187 1421 4242 Louentinon
1438 4175 1451 4262 l}

329 4279 346 4326 4
376 4282 585 4348 pauperorum
616 4276 711 4332 Paris.
749 4277 826 4331 deest
862 4274 997 4329 Cantabr.
1035 4271 1135 4328 Satist.
1167 4262 1182 4351 ll
1247 4276 1262 4324 7
1291 4271 1451 4327 fulmentum
1528 4329 1531 4335 ,

330 4359 433 4414 lectum
451 4360 472 4414 L
487 4351 501 4439 Η
557 4362 774 4437 θεπικουρηος
791 4359 919 4431 Sarrpall.
941 4375 1019 4414 corr.
1036 4346 1223 4435 Rhenanusll
1280 4359 1314 4410 10
1335 4343 1366 4422 ὃς
1383 4342 1452 4410 oiire

330 4444 514 4501 Fromondus
529 4437 543 4524 ll
557 4462 631 4518 εχιετ
654 4445 740 4518 Sanp.
769 4445 884 4518 πλρεχει
905 4446 943 4500 id.
965 4461 1041 4499 corr.
1062 4436 1223 4497 'Rhenanus
1238 4432 1252 4521 ΙΙ
1309 4443 1339 4494 11
1363 4440 1452 4496 Sena·

330 4526 407 4586 rium
427 4534 457 4586 r'rr
486 4531 625 4586 Varronis
646 4533 742 4586 uerbis
761 4533 852 4586 inesse
874 4529 1072 4585 Buechelerus
1087 4534 1175 4599 putat
1195 4518 1209 4605 ΙΙ
1274 4530 1305 4581 15
1331 4527 1451 4600 lupitros
1569 4519 1575 4540 '

330 4619 412 4673 codd.
426 4619 558 4688 plerique
587 4618 719 4689 iupiteres
740 4617 798 4670 siue
819 4616 898 4671 lones
920 4617 970 4671 alii
985 4611 1022 4689 (in
1038 4608 1123 4689 apol.)
1140 4604 1155 4692 ΙΙ
1209 4615 1240 4664 21
1264 4620 1409 4686 pertenent
1425 4612 1452 4667 B
