3559 5709
383 683 426 748 32
863 686 989 743 CAPVT
1011 686 1022 742 1

383 874 523 938 quorum
545 850 730 934 fragmenta
751 849 900 935 prosario
923 872 1072 914 sermone
1095 871 1167 912 esse
1192 850 1379 935 composita
1401 850 1505 917 altero

383 954 491 1039 capite
503 953 684 1039 apparebit,
698 950 1040 1037 a'pseudotragoediis
1058 950 1257 1036 segregandi
1273 961 1366 1035 sunt3
1379 952 1505 1017 Pseud-

384 1076 503 1119 aeneas
526 1078 604 1119 uero
627 1054 770 1140 perbene
792 1053 915 1138 poterit
937 1053 1022 1116 inter
1050 1050 1122 1115 illas
1145 1051 1262 1115 referri
1291 1052 1508 1141 (quamquam

384 1156 432 1219 nil
447 1157 575 1221 omnino
591 1155 654 1221 hoc
668 1178 726 1219 nos
743 1156 851 1219 facere
873 1155 1008 1241 cogit).
1045 1153 1157 1218 Possis
1173 1151 1232 1218 hos
1248 1176 1380 1240 quoque
1402 1154 1507 1221 libros

385 1257 522 1322 addere:
548 1258 723 1323 Armorum
745 1257 914 1339 iudicium,
937 1254 1126 1321 Pacuuiano
1145 1254 1349 1341 Attianoque
1373 1258 1506 1323 nomina
1605 1341 1607 1346 Ι

384 1359 591 1443 insignitum,
621 1360 712 1423 euius
742 1360 807 1424 duo
836 1359 1022 1443 fragmenta
1048 1354 1316 1443 philosophorum
1337 1360 1508 1444 quandam

385 1462 590 1543 λογομαχίαν
618 1460 838 1525 describentia
864 1460 993 1546 poetica
1021 1467 1113 1541 sunt3
1141 1460 1359 1540 Λογομαχίαν
1387 1461 1507 1548 ipsam,

384 1585 468 1649 quae
496 1563 703 1627 Homericam
736 1564 947 1644 τειχομαχίαν
979 1571 1012 1626 et
1045 1562 1231 1643 θεομαχίαν
1264 1570 1298 1626 et
1325 1561 1449 1627 similia
1474 1563 1509 1626 in

383 1674 526 1729 mentem
554 1665 703 1751 uocat¹);
732 1662 946 1729 Aethrionem
968 1663 1127 1745 fortasse,
1152 1662 1359 1728 Caecilianae
1382 1686 1508 1731 comoe-

385 1766 460 1830 diae
482 1766 611 1832 nomine
627 1789 755 1852 parcm3
780 1766 921 1853 denique
937 1764 1152 1848 catamitum,
1175 1788 1245 1829 rem
1261 1765 1311 1829 dis
1327 1765 1508 1831 irridendis
1534 1769 1540 1778 ”

385 1867 588 1954 aptissimam
621 1868 863 1951 tractantem2).
914 1867 1033 1931 Omnia
1060 1876 1170 1931 autem
1203 1891 1287 1954 quae
1319 1867 1509 1953 fragmenta

385 1968 552 2035 continent
567 1970 716 2056 prosarie
738 1994 758 2034 a
772 1969 1077 2056 pseudotragoediis
1093 1968 1293 2035 remouenda
1309 1970 1407 2036 duco.
1443 1970 1510 2037 Sed

384 2070 467 2134 haec
489 2094 563 2136 cum
585 2072 720 2135 nimium
743 2073 809 2136 sint
829 2070 973 2154 lubrica,
1002 2093 1067 2135 non
1089 2080 1126 2135 ut
1153 2094 1248 2158 spero
1272 2070 1508 2158 reprehendar,

385 2173 472 2258 quod
487 2172 549 2239 hoc
565 2173 695 2260 quidem
711 2172 781 2239 loco
797 2172 879 2238 haec
895 2173 1046 2255 disserui,
1070 2174 1257 2258 fragmenta
1272 2183 1418 2238 autema
1434 2173 1509 2240 reli-
1563 2234 1567 2245 ,

386 2297 524 2361 quorum
546 2298 680 2340 numero
703 2275 845 2340 eximere
861 2297 1071 2361 seorsumque
1085 2298 1208 2362 ponere
1223 2298 1289 2340 non
1304 2298 1407 2340 ausus
1423 2298 1509 2342 sum.

471 2378 620 2443 Tandem
644 2377 686 2442 ad
707 2376 973 2461 logistoricorum
989 2399 1127 2464 —quos
1151 2376 1224 2464 ipse
1245 2376 1353 2444 Varro
1376 2380 1510 2464 graecis

385 2477 502 2543 litteris
526 2475 779 2563 λογιστορικούς
801 2479 926 2546 dixisse
953 2481 1097 2563 uidetur,
1127 2501 1211 2566 quae
1238 2479 1372 2565 quidem
1400 2481 1511 2547 forma

385 2580 421 2643 in
450 2580 600 2666 catalogo
622 2582 881 2668 Hieronymiano
910 2591 1018 2664 extat,
1052 2590 1207 2668 excerpto
1236 2581 1293 2648 illo
1324 2582 1511 2648 secundum

386 2682 602 2748 Ritschelium
630 2708 713 2748 mus.
741 2682 854 2771 philol.
877 2684 929 2749 VI
952 2694 1013 2754 549
1037 2706 1106 2771 sqq.
1141 2706 1183 2747 ex
1210 2683 1373 2748 Varronis
1402 2684 1509 2771 ipsius

386 2784 515 2870 scriptis
534 2824 570 2835 -
588 2787 794 2873 peruenimus
816 2785 919 2852 libros
934 2786 1096 2867 LXXVI,
1119 2808 1201 2872 quos
1216 2785 1416 2853 Ritschelius
1438 2786 1509 2853 ind.

386 2885 485 2952 schol.
508 2887 634 2954 hibern.
658 2870 763 2953 Bonnl
788 2898 869 2959 1845
893 2889 1024 2974 egregie
1045 2886 1234 2953 illustrauit.
1278 2888 1402 2953 Dacis
1425 2888 1511 2954 haee
1562 2935 1564 2940 -

386 2989 455 3053 fere
471 2989 609 3055 dicenda
624 3001 709 3055 sunt.
743 2991 889 3055 Primum
905 2990 1088 3076 quicunque
1111 2989 1194 3055 liber
1210 3001 1299 3056 certo
1321 2988 1510 3075 logistorici

385 3092 515 3156 nomine
541 3092 712 3175 laudatur,
743 3092 870 3158 duobus
900 3103 950 3157 est
976 3091 1081 3156 titulis
1108 3092 1301 3177 insignitus;
1335 3091 1379 3155 cf.
1403 3094 1508 3159 Catus

387 3201 443 3256 aut
465 3192 507 3257 de
529 3189 642 3259 liberis
665 3194 844 3259 educandis
869 3193 1009 3281 (Gellius
1025 3195 1075 3259 IV
1092 3194 1162 3279 19);
1185 3193 1330 3258 Messala
1352 3193 1395 3259 de
1417 3195 1508 3261 vale

472 3367 496 3432 1)
518 3369 689 3431 Quamquam
708 3367 888 3433 Σκιομαχίας
907 3383 1012 3433 quoque
1026 3368 1162 3426 admonet,
1182 3384 1261 3433 qnam
1282 3366 1449 3433 fragmenta
1460 3386 1508 3435 pe-

389 3453 474 3504 destri
493 3456 594 3520 partim
613 3454 737 3503 oratione
758 3453 916 3517 conscripta
935 3454 1037 3502 saturis
1055 3452 1207 3505 uindicant.

471 3541 497 3601 2)
517 3540 557 3589 Ne
577 3540 649 3588 enim
671 3538 743 3589 hunc
767 3538 867 3588 librum
891 3539 956 3603 quia
969 3540 1121 3588 .‘Varronis
1138 3538 1288 3602 Menippei’
1312 3538 1348 3587 ab
1366 3539 1508 3602 Eutychio

387 3621 508 3686 affertur,
529 3624 601 3673 inter
620 3627 730 3673 saturas
742 3624 906 3689 Menippeas
925 3639 985 3672 cum
999 3622 1120 3673 Oehlero
1138 3639 1163 3687 p.
1176 3625 1209 3673 48
1227 3637 1372 3672 numerare
1391 3638 1508 3675 necesse

386 3712 466 3773 putes
485 3708 522 3759 cf.
535 3707 694 3757 Krahnerus
712 3708 746 3758 de
764 3709 842 3758 Varr.
862 3707 960 3773 philos.
979 3725 1005 3772 p.
1020 3710 1044 3757 9.
1075 3708 1148 3758 Sane
1166 3708 1288 3774 locorum
1306 3707 1406 3772 quibus
1418 3709 1508 3759 Varro

387 3791 545 3857 appellatur
562 3792 726 3857 Menippeas
750 3791 829 3858 (quos
847 3810 873 3858 p.
892 3796 908 3843 8
928 3792 1101 3857 enumeraui)
1119 3793 1243 3857 plerique
1263 3793 1298 3842 ad
1316 3797 1426 3843 saturas
1445 3809 1509 3860 spe-

387 3883 479 3940 ctant3
501 3877 550 3927 sed
568 3878 673 3927 Probus
696 3882 788 3928 tamen
811 3877 845 3927 de
863 3878 1082 3942 Antiquitatibus
1102 3884 1130 3927 et
1147 3877 1324 3942 Symmachus
1342 3876 1376 3926 de
1394 3878 1510 3929 Hebdo-

386 3962 511 4012 madibus
534 3962 679 4026 loquentes
700 3962 794 4012 itidem
816 3964 993 4028 Menippeum
1017 3962 1168 4028 appellant.
1205 3962 1278 4023 Quid
1300 3962 1385 4012 etiam
1407 3963 1508 4016 mirum

387 4052 438 4113 est,
457 4048 481 4097 si
497 4047 622 4098 homines
640 4047 718 4097 illum
736 4051 767 4096 ut
786 4047 938 4098 aVarrone
957 4048 1075 4097 Atacino
1095 4046 1306 4113 distinguerent,
1325 4062 1380 4097 non
1391 4048 1510 4120 Reatini

386 4134 473 4184 solum
491 4148 586 4183 nerum
606 4133 690 4182 etiam
703 4132 844 4198 Menippei
863 4134 972 4182 nomine
986 4133 1206 4199 insigniuarunt?
1237 4134 1330 4194 Quare
1348 4148 1439 4198 neque
1458 4150 1508 4185 ne·

388 4201 506 4267 cessario
519 4218 628 4267 Hertaii
646 4218 737 4283 opinio
757 4234 837 4282 quam
856 4218 925 4267 mihi
943 4219 1155 4268 communicauit
1174 4217 1368 4283 amplectenda
1387 4222 1439 4281 est,
1460 4220 1508 4284 qui

314 4348 316 4354 .
386 4303 527 4352 Diomedis
545 4304 632 4353 uerba
650 4319 677 4367 p.
695 4304 758 4367 371,
783 4306 815 4353 23
834 4304 867 4353 K.
887 4303 920 4354 de
941 4303 1183 4369 coniugationibus
1206 4307 1275 4352 ‘sunt
1292 4307 1356 4353 enim
1374 4305 1509 4355 eaideum

388 4391 508 4452 empositu
531 4383 569 4453 [et
588 4389 687 4438 Lucilio
706 4385 792 4453 addit]
814 4396 840 4438 et
861 4390 976 4439 Varroni
993 4389 1148 4453 Menippeo’
1168 4387 1202 4437 de
1221 4392 1316 4439 satura
1334 4388 1429 4455 aliqua
1448 4406 1508 4440 rem

387 4474 597 4535 grammaticam
621 4477 758 4523 tractante
781 4473 934 4538 intellegit3
966 4489 1129 4538 quamquam
1152 4472 1232 4523 ualde
1256 4474 1323 4524 mihi
1345 4474 1419 4524 hanc
1443 4491 1508 4526 sen·
1566 4481 1569 4488 '

388 4559 504 4606 tentiam
527 4556 637 4621 placere
663 4557 808 4622 confiteor,
836 4559 877 4608 ita
900 4564 930 4607 ut
948 4559 993 4608 uel
1016 4560 1088 4609 inter
1110 4550 1269 4624 fr'agmenta
1287 4561 1396 4610 incerta
1413 4559 1508 4613 locum
1561 4607 1566 4614 .

385 4658 546 4708 receperim.
