3559 5709
697 703 729 757 ll.
754 700 894 758 TElldllll
917 701 1078 757 vmuoms

814 863 961 929 CATVS

653 968 710 1031 Dc
733 966 876 1031 liberis
901 964 1129 1033 educandis

882 1066 899 1130 Ι

415 1171 514 1253 Quod
543 1170 674 1257 petisti,
703 1180 740 1235 ut
769 1170 838 1235 eius
868 1169 1073 1238 educationis
1101 1171 1217 1235 fierem
1247 1172 1314 1237 tibi
1339 1174 1465 1254 socius,

329 1272 438 1361 quoad
460 1273 566 1359 potui,
590 1271 824 1337 adminiculaui
847 1281 938 1336 tuam
960 1271 1167 1339 uoluntatem
1188 1274 1389 1341 scribendo.

870 1375 906 1439 Il

414 1478 468 1542 Ex
490 1500 554 1564 quo
582 1479 792 1564 perspicuum
822 1486 888 1558 est,
919 1477 1078 1544 maiorem
1107 1480 1221 1544 curam
1250 1477 1382 1546 habere
1405 1502 1466 1546 nos

331 1580 514 1667 marsuppii
537 1603 635 1667 quam
656 1580 746 1645 uitae
768 1589 913 1646 nostrae.

864 1680 918 1746 ΠΙ

414 1784 505 1850 Mala
517 1784 604 1850 enim
617 1784 817 1850 consuetudo
835 1783 894 1851 diu
905 1783 1098 1850 in'roborata
1112 1794 1163 1851 est
1178 1762 1465 1873 inextinguibilis.

865 1887 914 1952 IV

415 1987 523 2053 Velim
546 1986 760 2069 mehercules,
782 1987 907 2074 inquit,
936 1988 1006 2075 ipse
1028 2011 1092 2054 usu
1114 2010 1233 2073 magno
1256 1989 1466 2076 puerilitatis

333 2090 508 2157 formulam
531 2089 656 2155 audire.

876 2176 907 2241 V

417 2277 538 2342 Edueit
561 2276 645 2341 enim
669 2276 846 2358 obstetrix,
872 2277 991 2344 educat
1012 2277 1142 2360 nutrix,
1167 2278 1319 2344 instituit
1342 2280 1467 2366 paeda-

331 2402 453 2465 gogus,
476 2378 572 2444 docet
594 2379 763 2463 magister.

867 2464 926 2534 VI.

416 2569 461 2632 Vt
483 2568 539 2652 qui
562 2574 676 2630 contra
691 2565 841 2631 celeriter
857 2575 951 2631 erant
973 2567 1053 2649 nati,
1076 2566 1147 2631 fere
1170 2567 1355 2635 Numerios
1372 2593 1467 2657 prae·

331 2670 561 2749 nominabant,
585 2668 672 2754 quod
694 2669 751 2754 qui
774 2668 838 2733 cito
860 2668 1027 2733 facturum
1049 2669 1129 2755 quid
1153 2691 1189 2733 se
1212 2670 1398 2736 ostendere
1412 2696 1468 2737 uo·

332 2771 436 2852 lebat,
460 2769 607 2851 dicebat,
630 2792 764 2836 numero
788 2770 823 2836 id
846 2770 932 2854 fore,
957 2769 1046 2857 quod
1075 2771 1179 2835 etiam'
1202 2771 1237 2836 in
1259 2783 1366 2858 partu
1395 2797 1467 2860 pre-

333 2874 495 2939 cabantur
522 2871 728 2954 Numeriam,
760 2895 858 2960 quam
888 2875 984 2938 deam
1011 2871 1119 2939 solent
1144 2872 1334 2959 indigetare
1364 2877 1468 2941 etiam

335 2976 517 3063 pontifices.

856 3058 925 3125 VII

418 3163 521 3227 Hisce
549 3161 700 3227 manibus
729 3160 815 3226 lacte
836 3161 889 3245 fit,
919 3184 987 3227 non
1013 3162 1109 3227 uino:
1144 3162 1298 3227 Ouninae
1327 3175 1469 3253 propter

333 3288 451 3349 cunas,
485 3265 646 3329 Ruminae
673 3272 807 3350 propter
836 3285 963 3328 rumam
970 3311 979 3345 ,
1014 3263 1049 3327 id
1078 3271 1128 3329 est
1154 3262 1262 3350 prisco
1295 3267 1468 3334 uocabulo

334 3391 525 3450 mammam,
548 3390 568 3432 a
590 3388 654 3453 quo
677 3366 825 3431 subrumi
848 3364 947 3430 etiam
969 3388 1056 3430 nunc
1079 3365 1234 3431 dicuntur
1256 3368 1353 3451 agni.

419 3574 503 3637 Eam
526 3572 684 3637 nutricem
707 3579 838 3658 oportet
860 3591 932 3633 esse
956 3568 1217 3635 adulescentem:
1249 3572 1350 3637 anuis
1377 3575 1468 3639 enim

334 3685 371 3739 ut
393 3677 526 3758 sanguis
551 3675 709 3755 deterior,
733 3674 781 3737 sic
803 3671 864 3736 lae.
908 3672 978 3736 Lac
998 3672 1101 3754 enim,
1125 3681 1162 3736 ut
1185 3672 1323 3759 quidam
1346 3674 1468 3740 dicunt

335 3776 481 3864 physici,
506 3776 675 3861 sanguinis
699 3797 826 3863 spuma.
864 3858 918 3924 IX

418 3964 576 4051 Magnum
604 3974 654 4028 est
682 3963 785 4045 enim,
813 3971 851 4026 ut
879 3960 1016 4026 Ariston
1045 3961 1176 4043 scribit,
1209 3962 1245 4025 in
1271 3963 1466 4050 primordio

334 4066 479 4154 pueruli,
503 4065 778 4154 quemadmodum
801 4064 939 4151 incipiat
959 4062 1055 4148 fingi3
1086 4062 1187 4127 adid
1209 4065 1306 4150 quasi
1329 4067 1466 4134 euadet.

404 4188 518 4239 CATVS
554 4191 568 4239 Ι
586 4188 690 4239 Nonius
703 4190 735 4239 77
754 4202 812 4239 au.
831 4184 1044 4237 Adminiculaui.
1064 4185 1152 4235 Varro
1170 4184 1240 4237 Cato
1252 4186 1300 4237 uel
1316 4185 1351 4238 de
1365 4188 1467 4241 liberis

337 4256 487 4308 educandis
501 4255 553 4320 (sic
568 4272 612 4321 ap.
625 4256 694 4307 Non.
708 4253 876 4319 ubique)...'
918 4254 946 4304 II
958 4253 1063 4303 Nonius
1074 4254 1121 4303 141
1137 4268 1191 4306 su.
1205 4254 1414 4321 Marsuppium.
1435 4264 1467 4309 et

336 4341 397 4391 quo
415 4323 553 4390 Nlonius).
591 4324 633 4375 III
645 4324 750 4374 Nonius
766 4324 813 4374 131
824 4337 878 4373 su.
896 4320 1131 4386 Inextinguibilis.
1149 4322 1236 4373 male
1250 4322 1275 4372 N
1292 4324 1467 4389 inprobo·

335 4399 411 4445 rata
424 4393 521 4446 Bamb.
535 4394 711 4457 inprorata
723 4393 783 4442 LW
817 4392 856 4443 IV
867 4390 973 4442 Nonius
985 4391 1036 4439 494
1045 4405 1099 4441 au.
1112 4390 1272 4443 Puerilitas.
1286 4391 1467 4445 mehercu-

335 4460 415 4511 lisN
454 4462 593 4512 VNonius
612 4463 661 4511 447
680 4476 701 4511 s.
715 4476 741 4511 u.
755 4460 880 4511 Educere
901 4462 929 4511 et
947 4458 1075 4508 educare.
1097 4457 1242 4509 hocetN
1294 4459 1467 4513 VINonius

335 4530 384 4579 352
398 4544 419 4579 s.
432 4545 457 4578 u.
471 4530 597 4579 Numero.
621 4527 906 4594 praem'uniebant
922 4526 947 4577 N
966 4524 1031 4593 quid
1049 4523 1182 4592 se]·quis
1201 4528 1274 4577 sinc
1293 4527 1320 4577 N
1337 4527 1466 4581 Nume-

336 4596 404 4646 riet
421 4597 445 4646 N
497 4598 549 4648 VII
568 4598 672 4648 Nonius
692 4598 740 4647 167
758 4612 779 4648 s.
799 4612 826 4649 u.
845 4596 970 4647 Rumam.
1010 4594 1114 4645 Hisce
1133 4594 1332 4646 numinibus
1350 4595 1466 4649 Prellc·

336 4678 393 4715 rus.
417 4662 547 4715 Cunina
564 4666 589 4717 N
641 4666 708 4717 VIII
725 4665 830 4718 Nonius
846 4665 899 4717 494
915 4678 937 4717 s.
950 4678 976 4715 u.
995 4662 1092 4714 Annis.
1144 4662 1184 4713 IX
1202 4662 1308 4717 Nonius
1326 4665 1381 4716 308
1400 4681 1426 4719 s.
1439 4682 1466 4721 u.
