3559 5709
327 693 368 758 52
801 696 962 752 curvat

328 861 523 942 illustratur,
546 859 636 923 cuiu's
660 860 724 922 iam
747 881 831 923 unus
848 858 938 923 locus
963 856 1031 941 (111
1055 866 1106 939 16,
1132 856 1186 941 13)
1209 860 1312 921 ‘bodie
1326 878 1444 937 quoqne

327 972 359 1027 r'n
381 973 488 1027 salaro
506 964 591 1038 sorte
614 966 658 1025 M.
689 966 838 1026 Varronis
859 967 996 1039 lanimas’
1027 982 1098 1045 sqq.
1121 958 1309 1045 Roepernm
1330 958 1444 1026 debuit

328 1064 509 1145 dehortari,
539 1087 579 1127 nc
606 1073 736 1128 saturas
765 1064 855 1147 ipsas
885 1084 906 1125 a
928 1059 1035 1126 Gellio
1058 1083 1225 1147 nunquam
1246 1060 1351 1127 lectas
1374 1083 1445 1127 esse

326 1165 439 1253 philol.
456 1166 509 1231 IX
524 1173 585 1235 225
608 1166 719 1251 inopte
741 1162 964 1230 contenderet.
1008 1162 1225 1228 Grammatici
1246 1172 1358 1228 autem
1373 1155 1445 1228 cum

327 1267 409 1333 alias
433 1269 476 1333 ob
498 1289 615 1331 causas
638 1289 711 1330 cum
733 1264 938 1345 lectitabant,
961 1273 1030 1327 tum
1047 1274 1082 1328 ut
1096 1264 1201 1329 uerba
1222 1263 1374 1331 obsoleta
1393 1263 1445 1329 uel

327 1369 584 1455 significationes
607 1368 784 1433 uerborum
806 1366 955 1432 insolitas
978 1364 1068 1430 uelut
1090 1388 1108 1430 e
1129 1366 1284 1431 thesauro
1312 1366 1444 1453 opulen-

325 1472 451 1537 tissimo
478 1470 555 1536 inde
583 1470 814 1557 conquirerent
847 1467 1013 1555 (difficilia
1042 1469 1088 1531 eis
1115 1466 1286 1563 intellectu
1306 1469 1446 1534 infuisse

327 1596 345 1638 e
367 1572 474 1639 Gellio
498 1570 587 1636 XIII
610 1580 647 1641 31
678 1571 847 1657 discimus)
878 1592 980 1656 eaque
1008 1569 1042 1632 in
1064 1569 1232 1655 glossariis
1260 1572 1329 1636 suis
1353 1572 1445 1636 uario

326 1675 423 1741 modo
451 1673 610 1739 institutis
640 1682 886 1759 componerent,
921 1670 979 1736 sed
1008 1681 1041 1735 31
1067 1671 1156 1758 ipsas
1189 1682 1319 1737 saturas
1343 1672 1446 1759 expli-

327 1776 425 1841 candi
449 1797 549 1840 causa
571 1775 811 1841 commentariis
834 1774 1063 1839 instruxerunt
1083 1773 1259 1857 1113311133,
1283 1774 1445 1861 equibus

326 1876 456 1963 glossae
477 1899 602 1963 paucae
624 1899 707 1963 quae
729 1878 764 1940 in
785 1875 887 1941 uerba
901 1874 1060 1939 Varronis
1082 1874 1256 1961 irrepsere,
1278 1874 1446 1962 profectae

326 1978 481 2043 uidentur
496 1977 552 2063 (cs.
565 1978 697 2063 Agatho
710 1977 752 2042 V.
776 1978 853 2043 Dol.
865 1987 932 2041 aut.
948 2000 1012 2041 ser.
1028 1978 1055 2043 I.
1079 1976 1249 2065 Sesqueul.
1261 1977 1306 2042 X.
1324 1976 1446 2061 Sexag.

327 2080 373 2145 H.
388 2080 482 2145 XIV.
509 2070 604 2162 Ταφὴ
628 2084 715 2143 Mra.
732 2079 777 2143 X.
806 2079 944 2143 Eumen.
961 2078 1143 2165 XXVIII).
1187 2079 1243 2143 Ex
1263 2079 1315 2144 his
1338 2102 1446 2165 gram·

327 2182 520 2247 maticorum
542 2181 785 2247 Antoninianae
809 2181 927 2245 aetatis
952 2179 1114 2244 thesauris
1138 2180 1339 2247 omniafere
1362 2181 1447 2247 deri·

325 2293 404 2347 nata
426 2291 503 2346 sunt
518 2305 601 2369 quae
615 2282 714 2349 hodie
728 2281 979 2368 Menippearum
994 2281 1181 2366 fragmenta
1197 2293 1324 2349 extant.
1357 2282 1447 2348 Hinc

326 2384 495 2451 Charisius
510 2384 688 2450 Diomedes
704 2383 894 2448 Priscianus
917 2384 1124 2467 grammatici
1147 2383 1204 2448 alii
1226 2408 1285 2451 333
1308 2385 1447 2472 quisque

326 2488 422 2552 modo
443 2486 603 2573 pendent3
625 2486 717 2570 hinc,
734 2485 824 2572 quod
839 2508 1001 2550 summum
1017 2495 1083 2568 est,
1105 2486 1232 2551 Nonius
1252 2486 1445 2568 Marcellus,

326 2588 560 2672 grammaticus
583 2587 698 2654 faerno
727 2586 894 2673 aliquanto
923 2587 1087 2654 recentior
1121 2588 1332 2675 compilando
1362 2609 1445 2675 opus

327 2712 421 2753 suum
436 2688 617 2775 composuit
633 2689 719 2774 quod
733 2687 831 2774 longe
846 2688 1021 2776 plurimam
1035 2688 1296 2774 fragmentorum
1316 2700 1447 2777 partem

327 2791 483 2857 continet.
528 2791 583 2854 Ex
604 2789 660 2856 illo
683 2792 770 2855 enim
792 2814 888 2876 quem
916 2814 949 2877 p.
973 2800 1014 2859 44
1042 2790 1148 2856 adtuli
1175 2801 1356 2879 conspectu
1383 2792 1446 2857 hoc

326 2893 443 2976 elucet,
465 2892 585 2979 partim
604 2891 747 2958 Gellium
769 2892 937 2980 librosque
960 2894 1029 2957 3133
1054 2893 1187 2976 similes,
1210 2894 1331 2981 partim
1354 2896 1445 2981 ipsos

215 3009 217 3013 ’
326 2996 501 3082 scriptores
536 2995 686 3081 antiquos
715 2994 957 3060 commentariis
985 2995 1163 3060 instructos
1199 3000 1288 3079 (nam
1316 2995 1445 3061 Nonius

326 3096 458 3183 quidem
486 3095 648 3162 indoctior
675 3096 754 3179 fuit,
782 3119 880 3184 quam
908 3096 963 3183 qui
986 3095 1221 3182 explicationes
1244 3098 1297 3162 ab.
1310 3118 1348 3161 eo
1371 3119 1445 3184 pro-

325 3198 409 3263 latas
433 3198 504 3283 ipse
527 3198 720 3283 inueniret),
743 3199 865 3284 partim
886 3197 1050 3284 glossaria
1073 3199 1225 3285 (quorum
1246 3222 1349 3264 unum
1372 3222 1445 3287 rep-

324 3299 395 3387 peri
419 3298 507 3385 quod
527 3299 632 3365 uerba
654 3300 845 3364 ascaenicis
867 3299 1028 3381 adhibita,
1052 3299 1252 3387 alterumque
1274 3301 1365 3387 quod
1388 3300 1445 3366 ad-

323 3401 439 3467 uerbia
466 3410 594 3468 tantum
623 3402 796 3490 continuit)
832 3425 851 3466 a
878 3401 985 3467 Nonio
1014 3412 1172 3487 usurpata
1200 3425 1282 3467 esse.
1328 3403 1445 3470 Tertio

326 3503 457 3570 saeculo
479 3502 595 3568 harum
616 3502 802 3569 litterarum
824 3527 916 3569 amor
938 3526 1050 3568 rursus
1067 3504 1201 3569 euanuit
1215 3504 1445 3593 Varronisque

326 3616 457 3670 saturae
479 3605 513 3668 in
528 3605 679 3670 tenebras
702 3615 918 3688 recesserunt,
942 3614 975 3671 et
990 3616 1119 3691 praeter
1135 3606 1362 3688 Censorinum,
1387 3608 1446 3695 qui

325 3705 551 3771 Varronianus
574 3706 742 3772 doctrinae
763 3730 882 3793 praeco
906 3707 1005 3771 etiam
1021 3717 1149 3773 saturas
1166 3731 1366 3796 quamquam
1388 3731 1446 3773 no-

325 3808 411 3872 mine
439 3829 598 3893 nusquam
626 3809 752 3894 prolato
775 3810 810 3873 in
831 3832 927 3874 usum
950 3832 1045 3874 suum
1067 3811 1206 3876 uertisse
1227 3812 1361 3876 uidetur
1384 3812 1444 3897 (cf.

324 3932 357 3997 p.
381 3912 453 3997 27),
475 3909 533 3974 uni
561 3911 701 3975 fortasse
723 3911 886 3976 Martiano
917 3910 1071 3998 Capellae
1099 3923 1195 3978 notus
1225 3922 1312 3995 erat,
1348 3914 1445 3977 cuius

324 4034 405 4099 opus
429 4022 462 4077 et
484 4014 609 4077 ‘satira'
638 4012 832 4099 inscriptum
856 4022 888 4079 31
910 4037 1008 4100 prosa
1029 4015 1245 4103 uersibusque
1268 4015 1446 4081 confusum

324 4125 389 4199 est,
422 4136 617 4200 quamquam
647 4136 729 4200 quae
757 4114 888 4201 quidem
917 4115 1109 4181 Krahnerus
1140 4117 1181 4181 de
1202 4116 1301 4181 Varr.
1324 4115 1445 4203 philos.

323 4239 356 4302 p.
379 4224 420 4285 22
449 4218 489 4282 de
511 4227 668 4303 usurpato
696 4217 730 4279 in
752 4216 837 4283 libro
867 4217 908 4281 de
929 4220 1055 4282 musica
1066 4211 1156 4305 ’'Orqa
1179 4214 1284 4301 λύρας
1315 4220 1444 4301 statuit,

283 4360 296 4381 2
324 4339 364 4382 ea
385 4339 458 4382 cum
480 4341 521 4383 ne
542 4340 609 4382 una
632 4318 765 4405 quidem
792 4321 882 4405 apud
904 4330 1079 4407 utrumque
1101 4322 1224 4407 pariter
1246 4319 1445 4406 scriptorem

279 4410 283 4418 ’
324 4421 486 4483 sententia
518 4420 718 4501 inueniatur,
752 4442 957 4506 nequaquam
990 4434 1079 4488 certa
1107 4432 1194 4488 sunt.
1250 4421 1444 4489 Macrobius

324 4542 452 4607 quoquc
474 4522 530 4607 qui
544 4544 619 4588 1313
641 4531 769 4586 3313133
785 4522 889 4605 affert,
914 4546 987 4588 cum
1009 4534 1135 4610 partem
1156 4523 1274 4589 horum
1296 4522 1444 4589 locorum

324 4619 432 4688 Gellio
461 4623 595 4706 debeat,
625 4622 762 4689 alteram
789 4646 918 4709 quoque
941 4650 1006 4691 non
1028 4650 1071 4692 ex
1092 4627 1165 4713 ipso
1188 4625 1340 4714 Varrone
1361 4624 1442 4692 hau-
