3559 5709
819 681 949 739 clrvr
972 684 993 738 ll
1423 681 1465 747 55

340 868 419 930 pero
444 843 524 907 mihi
548 845 610 910 erit
632 847 873 929 controuersia,
898 847 1021 933 quippe
1045 849 1098 933 qui
1122 872 1154 935 p.
1173 857 1298 921 15-19
1320 852 1386 914 iam
1408 873 1465 936 pu-

340 957 407 1012 tem
421 948 621 1031 argumentis
644 947 856 1031 declaratum,
879 949 914 1013 in
937 949 1057 1013 saturis
1081 952 1266 1035 prosarium
1288 953 1463 1038 poeticum.-

340 1072 403 1135 que
426 1071 609 1114 sermonem
632 1051 822 1115 coniunctos
846 1073 928 1115 esse.
974 1052 1122 1131 Quorum
1137 1053 1203 1116 iam
1223 1054 1309 1118 inter
1331 1077 1366 1119 se
1390 1077 1464 1119 con-

339 1153 524 1217 iunctorum
547 1149 690 1216 indolem
713 1151 938 1219 demonstrare
961 1154 1141 1240 temptabo.
1247 1140 1250 1148 ¹

425 1254 579 1320 Omnium
600 1252 759 1319 librorum
782 1262 943 1341 quotquot
967 1276 985 1318 e
1007 1276 1126 1339 graeca
1147 1254 1313 1342 latinaque
1338 1255 1381 1320 ad
1402 1281 1461 1322 nos

339 1355 537 1442 antiquitate
560 1365 792 1441 peruenerunt,
815 1356 992 1442 inquibus
1016 1379 1134 1442 prosae
1158 1358 1369 1444 poetieaeque
1392 1382 1463 1425 ora-

337 1459 437 1523 tionis
466 1458 553 1521 inest
583 1459 784 1540 coniunctio,
820 1480 859 1522 ea
886 1468 936 1523 est
965 1458 1130 1541 condicio,
1165 1468 1202 1523 ut
1227 1460 1383 1526 maiorem
1409 1461 1464 1526 uel

339 1560 425 1624 adeo
457 1560 635 1624 maximam
668 1569 795 1647 partem
827 1559 983 1646 pedester
1016 1583 1120 1625 sermo
1155 1562 1318 1644 obtineat,
1355 1565 1463 1649 poesis

340 1671 452 1727 autem
474 1663 606 1727 nonnisi
633 1662 712 1729 locis
737 1662 800 1743 eis,
837 1684 917 1749 quos
948 1662 992 1726 ad
1020 1662 1254 1749 expoliendum
1274 1666 1462 1750 aptissimos

337 1766 481 1849 scriptor
511 1762 578 1848 (uel
605 1776 693 1831 reete
720 1764 775 1829 uel
802 1764 989 1851 perperam)
1019 1764 1230 1831 existimabat
1258 1765 1461 1852 expoliendis

337 1876 371 1931 et
398 1866 495 1954 quasi
527 1866 663 1951 gemmis
692 1866 943 1952 splendentibus
972 1866 1349 1946 exornandisadhibita
1372 1869 1474 1953 sit.¹),

335 1968 461 2033 Veram
489 1968 592 2053 igitur
618 1968 652 2033 hi
675 1969 854 2055 scriptores
875 1990 1062 2034 sermonum
1084 1968 1287 2034 diuersitatis
1310 1979 1462 2035 naturam

337 2070 442 2157 probe
465 2081 715 2155 perspexerunt.
762 2069 996 2155 Omnibusque.
1008 2071 1055 2134 eis
1071 2070 1150 2135 locis
1166 2070 1286 2158 quibus
1301 2073 1462 2157 poeticam

336 2171 562 2236 adhibendam
584 2172 765 2254 duxerunt,
789 2172 852 2237 hoc
872 2172 1023 2259 inprimis
1047 2173 1276 2255 sectabantur,
1298 2183 1337 2239 ut
1358 2175 1462 2241 uerba

338 2261 461 2360 quibus
483 2283 655 2340 uterentur
682 2298 702 2339 a
724 2274 927 2362 pedestrium
950 2275 1095 2360 partium
1118 2297 1266 2340 sermone
1288 2274 1375 2341 clare
1398 2276 1460 2340 dif-
1550 2262 1551 2266 Ἰ

335 2376 473 2441 ferrent.
523 2376 632 2461 Leges
664 2399 786 2463 quaeso
818 2398 1030 2463 quoscunque
1058 2376 1109 2441 uis
1137 2414 1180 2425 —
1207 2374 1278 2441 sola
1304 2377 1461 2441 Martiani

336 2476 512 2564 Capellae,
541 2478 682 2544 hominis
711 2479 836 2559 insani,
866 2476 1089 2543 tintinnabula
1117 2478 1244 2565 excipio
1267 2515 1310 2529 -
1332 2501 1461 2565 semper

338 2602 530 2665 cognosces,
555 2581 654 2645 etiarn
670 2580 749 2645 locis
760 2580 941 2665 corruptis,
964 2579 1030 2643 utri
1053 2580 1195 2646 sermoni
1218 2580 1382 2645 sententia
1404 2580 1460 2644 tri-

335 2682 473 2748 buenda
495 2682 548 2747 sit.
598 2681 748 2747 Eandem
771 2682 871 2766 igitur
894 2682 1055 2747 rationem
1069 2682 1253 2747 Varronem
1268 2703 1396 2769 quoque
1411 2688 1462 2747 se-'

333 2793 447 2849 cutum
476 2806 563 2866 esse,
593 2784 650 2871 qui
677 2807 743 2849 non
771 2783 950 2849 barbarum
972 2783 1064 2852 illum
1088 2794 1120 2849 et
1148 2784 1324 2848 excordem
1345 2785 1460 2849 haberi

288 2958 290 2962 ,
333 2884 440 2967 uolet,
471 2884 569 2951 facile
597 2885 771 2967 concedet,
804 2886 1000 2972 praesertim
1023 2908 1096 2950 cum
1118 2910 1185 2952 non
1207 2886 1269 2950 hoe
1291 2885 1395 2951 selum
1418 2887 1458 2951 de

334 3010 375 3052 eo
398 2986 574 3051 dicendum
597 2988 750 3074 sit'quod
773 2987 814 3052 de
836 2987 914 3070 illis,
937 3010 1010 3052 eum
1031 2988 1175 3073 benigna
1189 2998 1327 3053 naturae
1349 2986 1458 3051 indole

334 3089 500 3175 quomedo
524 3090 675 3154 uersibus
700 3090 743 3154 sit
765 3090 975 3155 scribendum
998 3089 1183 3154 discernere
1205 3089 1370 3177 potuisse,
1400 3088 1459 3153 sed

333 3191 440 3277 ipsius
464 3213 593 3278 quoque
617 3192 842 3258 testimonium
864 3190 1055 3273 habeamus,
1080 3214 1143 3278 quo
1167 3192 1285 3256 scimus
1311 3215 1384 3256 eum
1405 3190 1458 3255 uel

331 3303 514 3359 metrorum
538 3273 742 3378 singulorum
763 3294 1003 3380 proprietatem
1030 3302 1271 3380 perscrutatum
1294 3317 1384 3376 esse,
1414 3293 1457 3358 cf.

326 3386 431 3468 ’Όνος
453 3388 558 3477 λύρας
580 3395 626 3481 fg.
650 3396 733 3460 XV:

489 3502 659 3563 Maerentis
681 3508 714 3562 ut
736 3505 854 3577 quietos
876 3518 914 3561 uc
937 3504 1094 3561 demissior
1110 3502 1302 3577 probandas,
1334 3514 1337 3519 ·

484 3589 656 3681 Ἀχιλλέως
678 3590 833 3682 ripatorio,
853 3589 998 3672 Ἰωνικὸς
1020 3599 1189 3680 κιναίδου,

303 3739 306 3745 -
332 3701 501 3787 etiamque
524 3711 595 3767 arte
619 3713 652 3767 et
673 3702 800 3767 ratione
824 3723 898 3765 eum
928 3701 1133 3787 aptissimam
1161 3709 1349 3766 saturarum
1372 3722 1457 3767 com-

422 3958 448 4023 1)
466 3958 634 4009 Buecheleri
652 3958 880 4024 descriptionem,
905 3960 952 4023 qui
969 3976 997 4025 p.
1016 3961 1066 4009 426
1084 3974 1193 4023 prosam
1212 3960 1241 4007 in
1259 3958 1393 4009 Varronis
1412 3974 1455 4008 sa-

330 4046 405 4096 turis
423 4044 537 4094 humaui
555 4045 677 4110 eorporis
696 4044 813 4108 ossibus,
833 4044 912 4094 carni
925 4045 1048 4094 carmina
1060 4044 1166 4093 inserta
1179 4048 1330 4107 comparat,
1350 4047 1456 4094 cetere-

332 4130 403 4195 quin
421 4134 530 4194 aptam,
549 4145 604 4179 non
623 4133 716 4179 tamen
734 4129 788 4178 huc
809 4144 915 4194 quoque
934 4128 1032 4199 ualere
1049 4134 1124 4193 puto,
1143 4133 1174 4177 ut
1191 4129 1270 4193 poesi
1288 4130 1377 4179 maius
1395 4144 1457 4194 spa-

330 4217 403 4265 tium
428 4229 511 4279 quam
534 4214 657 4279 pedestri
681 4215 801 4265 sermoni
825 4213 1002 4263 concedatur.
1037 4214 1108 4263 Nam
1133 4213 1203 4278 quod
1225 4212 1272 4261 ille
1294 4212 1312 4263 l.
1332 4212 1454 4275 c.·dieit,

331 4304 462 4365 quartam
480 4303 588 4349 tantum
606 4304 712 4363 partem
730 4286 851 4350 locorum
864 4303 1037 4349 seruatorum
1048 4298 1171 4364 pedestri
1184 4300 1309 4348 oratione
1322 4298 1454 4370 scriptam

321 4400 412 4448 esse,
437 4385 465 4433 id
483 4385 643 4449 neutiquam
663 4386 786 4435 concinit
805 4399 865 4434 cum
884 4383 1052 4445 rationibus,
1077 4383 1175 4448 quibus
1193 4382 1291 4432 ductus
1309 4382 1454 4432 nonnullos

329 4471 412 4521 locos
432 4469 561 4519 alterutri
579 4472 699 4521 sermoni
722 4471 768 4520 hic
793 4469 851 4519 illie
870 4473 947 4519 reete
973 4469 1119 4529 adtribuit,
1145 4483 1216 4532 quae
1238 4483 1293 4518 non
1317 4468 1353 4517 ad
1378 4467 1455 4517 aliud

330 4557 450 4621 possunt
468 4555 580 4616 ducere,
601 4570 682 4620 quam
700 4559 730 4605 ut
750 4556 861 4605 circiter
879 4554 946 4603 bina
964 4555 1037 4603 inter
1055 4555 1139 4618 quina
1158 4553 1314 4617 fragmenta
1328 4552 1455 4603 uersibus

330 4640 480 4691 donentur.
