3559 5709
694 731 697 736 '
717 749 927 798 PRAEFATIO.
1342 754 1381 799 ix

266 929 364 992 quam
394 905 637 971 accuratissime
668 904 790 990 ubique
819 903 1054 987 describerem3
1085 926 1149 989 quo
1179 904 1219 969 de
1247 905 1382 969 consilio
1458 918 1460 921 ’

250 1003 298 1089 'in
326 1024 487 1089 Nonianis
514 1022 607 1089 libris
638 1028 704 1087 BH
710 1027 782 1087 lW
809 1022 955 1088 adhibito
990 1023 1052 1088 hoc
1079 1025 1209 1104 rn'oneo,
1245 1023 1380 1088 ubicun·
1469 1089 1472 1093 ,

264 1165 327 1229 que
342 1143 392 1208 -de
406 1148 439 1207 H
459 1151 566 1223 taceo,
588 1164 640 1207 me
656 1140 702 1206 nil
724 1142 919 1227 comperisse
942 1140 1026 1227 (uid.
1042 1142 1165 1229 supra),
1194 1142 1381 1227 ubicunque

265 1262 306 1327 de
322 1266 365 1344 B,
388 1261 476 1327 locos
498 1261 546 1326 ibi
567 1283 631 1325 non
649 1269 777 1344 extare3
800 1282 876 1325 nam
898 1261 1031 1325 tertium
1052 1268 1268 1347 quartumque
1282 1235 1381 1326 Nonii

264 1389 364 1466 caput
390 1381 616 1467 permultaque
643 1387 812 1466 praeterea
841 1379 1035 1465 scriptorum
1057 1380 1244 1450 testimonia
1263 1381 1299 1445 in
1319 1381 1381 1445 hoc

264 1500 348 1565 libro
376 1500 504 1565 desunt.
548 1498 656 1564 Attuli
683 1500 781 1564 etiam
809 1520 893 1585 quae
921 1498 962 1564 de
989 1497 1063 1564 aliis
1091 1498 1258 1565 codicibus
1281 1500 1380 1565 unde·

263 1642 403 1702 cumque
430 1620 583 1703 comperi.
636 1616 675 1681 In
703 1618 898 1682 coniecturis
928 1639 1006 1683 uero
1034 1618 1205 1683 narrandis
1235 1640 1287 1713 me
1315 1640 1381 1683 non

263 1738 362 1825 plane
377 1738 485 1802 omnia
499 1738 661 1823 recepisse
676 1737 857 1802 studiorum
873 1736 1149 1816 Varronianorum
1164 1738 1263 1823 periti
1283 1736 1382 1803 facile

264 1856 454 1944 probabunt
475 1857 645 1943 magisque
667 1878 782 1921 uereor
803 1878 844 1922 ne
866 1857 963 1922 nimis
986 1878 1085 1943 quam
1106 1877 1148 1921 ne
1175 1877 1291 1943 parum
1313 1857 1380 1942 opi·

262 1961 431 2041 nationum
460 1975 611 2040 retulisse
641 1971 781 2041 uidean'
811 1976 992 2061 Praecipue
1012 1983 1123 2060 autem
1149 1984 1187 2040 ut
1213 1975 1322 2041 decuit
1346 1976 1382 2039 in

263 2095 562 2181 antiquissimarum
585 2094 763 2159 editionum
785 2103 824 2168 et¹
840 2088 984 2181 Popmae
1006 2102 1039 2159 et
1060 2093 1214 2160 Gerlachi
1245 2102 1278 2159 et
1298 2094 1381 2158 Boe·

262 2214 331 2296 peri
346 2214 534 2278 commentis
551 2212 776 2279 adscribendis
790 2213 925 2278 modum
940 2214 1045 2295 tenui3
1057 2234 1162 2299 neque
1176 2212 1246 2278 fere
1262 2212 1382 2278 alicubi

170 2410 175 2424 ‚
262 2331 422 2397 secundos
445 2335 473 2397 si
502 2332 558 2418 qui
586 2340 679 2397 erant
705 2333 965 2398 coniecturarum
994 2333 1182 2397 inuentores
1204 2333 1380 2397 nominaui.

261 2451 425 2515 Versuum
463 2472 591 2537 quoque
632 2458 781 2516 auctores
821 2460 858 2516 ut
901 2450 1079 2517 indicarem
1123 2472 1255 2537 operam
1291 2450 1379 2535 dedi,

261 2592 460 2657 quamquam
481 2592 600 2655 magno
623 2592 694 2635 meo
717 2569 922 2637 incommodo
946 2570 1103 2636 editiones
1124 2570 1222 2635 Nonii
1241 2569 1382 2634 Iuniana

262 2688 364 2775 (quae
387 2689 506 2753 emissa
527 2698 578 2753 est
587 2689 793 2781 *Antuerpiae
816 2712 844 2755 a.
863 2690 959 2775 1565)
982 2690 1181 2775 antiquiores
1204 2688 1295 2753 adire
1315 2710 1381 2753 non

260 2807 355 2872 licuit
382 2815 511 2892 praeter
533 2830 632 2872 unam
648 2792 801 2872 Venetiis'
818 2832 847 2873 a.
873 2815 955 2878 1492
979 2808 1116 2889 editam,
1145 2808 1202 2873 ubi
1229 2809 1380 2873 uersibus

259 2926 469 2991 instituendis
496 2948 596 3012 opera
621 2926 766 2990 nondum
794 2926 871 2991 data
898 2935 958 2991 est.
987 2963 1029 2973 --
1064 2927 1271 3010 Fragmentis
1299 2927 1380 3011 ipsis

259 3066 425 3131 perpauca
456 3053 583 3110 tantum
623 3044 749 3116 addidi;
782 3067 883 3108 unum
915 3044 995 3109 mihi
1030 3044 1244 3109 omittendum
1277 3044 1381 3109 fuisse

260 3162 355 3228 doleo
389 3164 476 3250 quod
510 3164 676 3227 Lucienus
709 3161 886 3228 Muellerus
921 3162 1002 3229 mihi
1038 3163 1202 3250 quondam
1234 3164 1381 3229 narrauit

260 3288 375 3346 extare
403 3282 438 3345 in
461 3283 620 3369 scriptore
642 3267 824 3368 Hispaniae
846 3281 1066 3349 ecclesiastico
1090 3280 1212 3347 saeculi
1240 3282 1380 3367 septimi,

259 3401 354 3466 cuius
381 3421 498 3465 nomen
521 3422 555 3465 se
578 3401 744 3485 effugisse,
773 3400 831 3465 sed
859 3423 931 3465 esse
958 3422 1063 3487 neque
1085 3401 1248 3466 Isidorum
1275 3420 1380 3485 neque

260 3520 447 3603 Eugenium
482 3519 692 3602 Toletanum3
732 3541 863 3583 uersum
896 3528 1006 3584 autem
1038 3541 1110 3583 esse
1150 3517 1379 3587 eholiambum.

260 3638 366 3717 Quem
390 3637 446 3701 diu
467 3638 670 3724 multumque
693 3645 855 3702 scrutatus
877 3645 1051 3723 postquam
1072 3659 1137 3701 non
1158 3638 1283 3719 inueni,
1309 3636 1379 3701 feli-

260 3757 340 3820 ciori
362 3765 399 3821 ut
419 3756 642 3842 indagandum
663 3756 844 3842 relinquam
867 3766 999 3822 coactus
1023 3780 1104 3821 sum.
1201 3768 1209 3782 ‘

323 3874 364 3939 In
398 3875 533 3940 Graecis
569 3874 738 3939 uocabulis
780 3867 897 3959 graece
932 3876 1075 3941 latineue
1102 3875 1276 3940 exarandis
1305 3897 1379 3940 cum

259 3992 388 4058 codices
410 3993 533 4058 nullam
549 3995 679 4058 omnino
694 4015 840 4058 normam
862 3995 1043 4079 praebeant
1063 3996 1110 4059 ita
1131 4004 1281 4060 uersatus
1297 4015 1377 4065 sum,

259 4120 296 4175 ut
312 4134 394 4197 quae
410 4120 488 4179 tunc
503 4113 537 4177 in
552 4113 690 4178 latinum
704 4111 770 4177 iam
781 4135 961 4179 sermonem
972 4114 1074 4199 recipi
1089 4113 1233 4199 potuisse
1244 4112 1377 4177 uidean-

258 4238 314 4295 tur
347 4230 389 4316 (e.
419 4253 448 4295 c.
474 4231 690 4319 Marcopolis‚
726 4230 913 4318 rhythmos)
948 4231 1075 4314 latinis,
1108 4230 1236 4316 reliqua
1270 4231 1313 4317 (e.
1347 4255 1377 4297 e.

258 4348 521 4435 Κοσμοτορύνη,
549 4350 783 4436 περίδειπνον)
812 4352 940 4436 graecis
962 4350 1079 4415 litteris
1102 4348 1293 4414 scriberem:
1323 4350 1378 4415 lex

256 4469 383 4533 incerta
406 4490 500 4551 sane,
523 4469 581 4535 sed
603 4490 670 4556 qua
684 4469 783 4534 aliam
805 4470 874 4535 uidi
896 4469 1029 4535 nullam.
1067 4466 1176 4553 Signis
1199 4467 1319 4533 talibus
1344 4468 1375 4555 [l

257 4608 342 4673 quae
363 4587 497 4670 inclusi,
526 4590 560 4653 in
588 4587 681 4656 libris
704 4588 824 4655 desunt
846 4589 904 4654 sed
926 4587 1076 4655 addenda
1096 4588 1265 4671 uidentur3
1293 4610 1377 4674 quae
