3559 5709
331 707 393 774 266
790 716 994 775 sanaturus

334 885 382 943 16.
417 885 641 963 Turpissimum
653 892 710 944 est
730 884 763 943 in
780 882 860 944 datis
882 885 972 945 fenus
988 904 1128 965 sperare;
1152 883 1396 967 pulcherrimum
1413 896 1463 948 est

417 989 483 1029 curn
498 970 607 1030 fenore
624 969 696 1029 data
711 968 810 1029 reddi.

333 1056 382 1113 17.
415 1056 464 1113 Ex
480 1055 580 1115 animo
597 1053 699 1115 dantis
715 1062 877 1115 censeatur
891 1076 1002 1117 munus
1017 1076 1161 1137 maguum
1175 1058 1225 1116 uel
1241 1076 1384 1137 paruum.

333 1141 381 1199 18.
415 1140 481 1199 Nec
503 1142 591 1220 sequi
612 1160 669 1201 uec
691 1139 798 1218 fugere
819 1140 974 1201 fortunam
996 1140 1099 1215 decet,
1127 1141 1265 1202 simodo
1286 1162 1355 1202 non
1377 1140 1462 1202 obsit

415 1226 510 1304 magis
528 1245 619 1305 quarn
633 1245 696 1285 non
711 1232 832 1285 noceat.

226 1367 228 1371 1
333 1311 381 1369 19.
415 1311 577 1371 Potentius
593 1312 745 1390 imperare
767 1310 908 1371 fortunae
931 1330 1022 1392 quam
1036 1311 1175 1391 regibus3
1197 1312 1246 1372 uir
1261 1331 1339 1391 ergo
1354 1311 1460 1371 honus

415 1415 520 1473 regum
537 1404 583 1456 est
598 1397 754 1455 maximus.

332 1482 381 1540 20.
415 1479 514 1540 Amici
531 1480 660 1541 diuitum
676 1480 787 1560 paleae
803 1487 876 1541 sunt
891 1481 971 1541 circa
986 1500 1093 1559 grana

332 1567 381 1623 21.
415 1566 470 1625 Vis
488 1566 623 1644 experiri
639 1566 790 1625 amicum?
812 1566 1006 1627 calamitosus
1021 1567 1092 1626 fias!

332 1652 382 1709 22.
416 1651 488 1710 Non
503 1651 600 1711 refert
616 1651 693 1731 quis,
709 1648 765 1711 sed
781 1648 856 1731 quid
874 1649 964 1710 dicat.

332 1737 381 1796 23.
417 1735 578 1816 captiosus
595 1736 634 1796 de
656 1735 758 1797 uerbis
780 1734 953 1815 disputator
968 1736 1053 1796 canis
1070 1743 1117 1796 est
1132 1744 1233 1796 aerem
1248 1746 1383 1815 captans
1400 1757 1456 1816 pro

415 1820 541 1901 praeda.

331 1908 381 1966 24.
416 1905 477 1985 Qui
490 1906 586 1967 ‘audit
608 1914 641 1966 ut
662 1905 835 1967 auditorum
849 1914 991 1966 narrator
1006 1908 1060 1980 sit,
1084 1926 1244 1987 nunquam
1257 1906 1313 1967 fiet
1328 1926 1386 1986 par
1404 1906 1455 1967 do·

416 1993 508 2051 cauti.

332 2077 381 2135 25.
415 2077 593 2136 Precarium
607 2075 701 2135 habet
717 2074 960 2151 fundamentum,
977 2078 1030 2157 qui
1046 2096 1085 2136 ex
1100 2076 1212 2136 alienis
1227 2076 1360 2157 pendet.

332 2164 382 2221 26.
416 2162 466 2221 Ad
484 2163 655 2241 profectum
670 2162 820 2222 scientiae
836 2162 882 2221 nil
898 2182 998 2243 aeque
1013 2161 1143 2242 impedit
1157 2170 1191 2222 nt
1206 2161 1397 2222 diffidentia.

291 2301 301 2324 ,
331 2249 381 2306 27.
415 2246 614 2307 Mediocriter
629 2267 721 2307 nosse
737 2247 842 2327 aliqua
856 2268 921 2307 non
937 2265 1029 2308 nosse
1045 2254 1100 2308 est.

331 2334 381 2392 28.
414 2333 462 2392 Eo
483 2331 576 2392 hodie
603 2332 800 2412 philosophia
825 2330 1019 2412 perducitur,
1046 2340 1079 2392 ut
1104 2331 1264 2411 praeclare
1294 2331 1451 2393 nobiscum

416 2424 539 2497 agatur,
560 2418 586 2478 si
602 2419 633 2477 in
649 2417 696 2477 his
713 2426 846 2477 aetatem
867 2419 1070 2478 consumimus
1099 2416 1313 2497 exponendis,
1344 2416 1451 2497 quibus

414 2504 535 2584 antiqui
546 2522 620 2563 suae
632 2502 1043 2582 portionemcommodahant
1052 2500 1265 2563 contexendis.
1279 2502 1344 2577 (29)
1351 2502 1454 2581 Apum

415 2587 506 2647 mella
522 2586 716 2661 comedimus,
733 2609 796 2647 non
812 2589 873 2667 ipsi
888 2588 1025 2651 facimus.

331 2675 381 2733 30.
416 2671 442 2732 Ο
466 2671 598 2733 heredes
625 2673 791 2752 magnifici,
821 2674 873 2753 qui
897 2673 1012 2734 relictis
1038 2673 1084 2732 nil
1108 2674 1160 2733 uel
1186 2672 1267 2731 falsa
1293 2671 1515 2742 addimus}

415 2758 515 2831 nulla,
533 2778 623 2839 quam
638 2758 724 2831 talis,
742 2759 850 2818 melior
866 2766 949 2819 esset
964 2757 1092 2818 additio.
1124 2757 1214 2837 Quae
1231 2758 1351 2837 optima
1366 2776 1519 2815 acce*

414 2846 523 2925 pimus,
541 2842 580 2903 ad
594 2853 735 2922 posteros
752 2863 791 2902 ex
806 2844 894 2903 nobis
910 2844 1138 2922 corruptissima
1152 2843 1354 2922 perueniant.

331 2932 381 2994 31.
415 2929 633 3010 Imperfectum
648 2937 694 2990 est
710 2926 861 3008 quidquid
877 2929 918 2989 ad
934 2926 1182 2989 emendationem
1196 2929 1296 2989 uenit.

331 3016 380 3074 32.
415 3015 547 3075 Puerilis
564 3023 611 3075 est
627 3015 767 3086 amicitia,
786 3034 877 3093 quam
893 3034 957 3074 non
973 3014 1141 3092 praecessit
1155 3011 1314 3073 iudicium.
1414 3037 1422 3049 .

276 3171 279 3176 ἱ
330 3102 380 3160 33.
413 3098 480 3159 Alit
492 3099 695 3172 concordiam,
707 3119 807 3159 mores
819 3099 860 3158 ad
872 3098 1116 3160 cohabitantium
1128 3099 1247 3160 animos
1259 3098 1402 3159 formare.

331 3186 380 3244 34.
413 3185 511 3245 Nemo
527 3205 614 3244 suum
628 3191 726 3264 putet,
744 3182 827 3264 quod
843 3192 931 3244 extra
944 3185 1045 3263 ipsum
1061 3192 1116 3243 est.

228 3264 231 3270 ’
331 3270 381 3329 35.
414 3269 537 3330 Nullius
554 3278 609 3343 est,
628 3267 711 3351 quod
726 3269 887 3329 multorum
903 3288 971 3329 esse
987 3277 1100 3347 potest.

331 3357 380 3415 36.
416 3356 470 3415 Vir
484 3353 599 3428 bonus,
624 3374 817 3435 quocumque
831 3356 864 3427 it,
881 3355 1013 3432 patriam
1027 3374 1113 3414 suam
1128 3373 1233 3413 secum
1247 3352 1326 3429 fert,
1351 3351 1504 3412 omn-ia

415 3462 474 3516 sua
488 3442 606 3499 animus
623 3442 688 3499 eius
704 3439 846 3500 custodit.

331 3528 380 3584 37.
415 3527 461 3584 Eo
477 3526 564 3584 uultu
579 3522 783 3585 dimittendae
799 3534 871 3584 sunt
887 3524 1102 3605 diuitiaeque
1119 3522 1336 3602 accipiendae.

331 3612 380 3669 38.
415 3609 543 3687 Vulgus,
561 3608 714 3691 quidquid
730 3629 796 3669 cum
812 3608 927 3688 gaudio
943 3609 1064 3689 accipit,
1082 3629 1150 3668 cum
1163 3609 1239 3668 fletu
1254 3609 1377 3668 amittit.

331 3696 381 3754 39.
414 3694 635 3775 Philosophiae
661 3716 725 3754 non
752 3691 975 3773 accommodari
1000 3702 1136 3773 tempus,
1154 3691 1211 3753 sed
1228 3692 1297 3754 dari
1313 3698 1451 3772 oportet,

414 3782 482 3858 ipsa
498 3780 579 3839 enirn
595 3781 777 3859 praecipuus
796 3788 843 3840 est
858 3778 909 3840 dei
924 3780 1032 3840 cultus.

329 3868 379 3927 40.
413 3867 462 3926 Ex
478 3866 603 3944 negotio
619 3884 741 3944 semper
756 3866 849 3926 otium
863 3865 1060 3925 sumendum:
1085 3884 1122 3924 eo
1138 3871 1251 3937 tamem
1266 3883 1308 3925 ne
1324 3884 1364 3923 ex
1379 3881 1442 3922 cor·

413 3953 500 4012 tinus
516 3949 696 4011 assiduitate
712 3970 840 4010 necesse
856 3951 896 4010 sit
910 3948 944 4009 id
960 3948 1072 4010 deseri.

329 4039 379 4096 41.
415 4038 475 4096 Ηίθ
490 4037 627 4117 perfecte
648 4035 827 4097 methodum
840 4035 949 4109 hahet,
968 4037 1020 4116 qui
1036 4034 1119 4095 idem
1134 4042 1181 4095 est
1195 4035 1382 4114 repentinus
1399 4037 1447 4113 qui

415 4130 627 4203 praeparatus·

329 4210 380 4267 42.
415 4207 611 4286 Praeparatis
627 4207 724 4281 fauor,
741 4207 914 4286 repentinis
930 4207 1029 4285 gratia
1044 4203 1223 4266 exhibenda
1238 4212 1296 4265 est.

330 4294 384 4354 43.
414 4294 464 4353 Ex
479 4291 591 4353 auditis
607 4292 772 4353 memoriae
787 4292 903 4352 referas
918 4291 1056 4366 laudem3
1081 4308 1120 4349 ex
1134 4288 1271 4351 inuentis
1287 4290 1428 4367 ingenio.

332 4479 363 4527 16
376 4478 496 4529 foenus
514 4483 543 4529 et
562 4476 739 4530 foenoreA
757 4480 788 4527 ut
804 4476 924 4531 uidetur.
937 4502 970 4512 -
995 4474 1094 4526 l'luel
1113 4490 1253 4541 paruum
1265 4476 1297 4538 P,
1312 4474 1409 4529 unuh.
1423 4503 1452 4515 -

332 4547 363 4596 18
380 4549 487 4612 magis
506 4547 595 4598 obsit
613 4547 669 4599 ΑΡ.
687 4574 719 4586 -
740 4548 774 4597 30
790 4545 846 4596 uel
864 4546 895 4608 P,
916 4560 968 4596 orn.
982 4544 1014 4598 A.
1028 4571 1061 4579 -
1101 4547 1133 4595 33
1151 4543 1240 4594 Varro
1264 4542 1299 4593 de
1321 4544 1454 4611 moribus,

332 4612 367 4663 cf.
381 4629 406 4681 p.
419 4616 469 4682 257
481 4629 521 4683 sq.
535 4642 568 4652 -
592 4618 624 4669 36
643 4615 774 4669 animus
793 4614 865 4667 eius
883 4614 906 4667 P
926 4612 1043 4666 accius
1060 4611 1139 4668 4.-
1161 4611 1298 4665 41hicP
1317 4611 1455 4693 sich-
