<?xml version="1.0" encoding="UTF-8"?>
<!DOCTYPE html PUBLIC "-//W3C//DTD XHTML 1.0 Transitional//EN"
    "http://www.w3.org/TR/xhtml1/DTD/xhtml1-transitional.dtd">
<html xmlns="http://www.w3.org/1999/xhtml" xml:lang="en" lang="en">
 <head>
  <title>
</title>
<meta http-equiv="Content-Type" content="text/html;charset=utf-8" />
  <meta name='ocr-system' content='tesseract 3.04.00' />
  <meta name='ocr-capabilities' content='ocr_page ocr_carea ocr_par ocr_line ocrx_word'/>
</head>
<body>
  <div class='ocr_page' id='page_1' title='image "./saturarummenipp00riesgoog_0026.png"; bbox 0 0 3559 5709; ppageno 0'>
   <div class='ocr_carea' id='block_1_1' title="bbox 437 675 1079 737">
    <p class='ocr_par' dir='ltr' id='par_1_1' title="bbox 437 675 1079 737">
     <span class='ocr_line' id='line_1_1' title="bbox 437 675 1079 737; baseline -0.005 0"><span class='ocrx_word' id='word_1_1' title='bbox 437 675 458 737; x_wconf 74' lang='lat'><strong>2</strong></span> <span class='ocrx_word' id='word_1_2' title='bbox 912 679 1038 736; x_wconf 80' lang='lat' dir='ltr'>clrvr</span> <span class='ocrx_word' id='word_1_3' title='bbox 1069 681 1079 734; x_wconf 87' lang='grc' dir='ltr'>Ι</span> 
     </span>
    </p>
   </div>
   <div class='ocr_carea' id='block_1_2' title="bbox 370 846 1573 4692">
    <p class='ocr_par' dir='ltr' id='par_1_2' title="bbox 370 846 1573 4692">
     <span class='ocr_line' id='line_1_2' title="bbox 437 846 1560 922; baseline 0 -15"><span class='ocrx_word' id='word_1_4' title='bbox 437 849 566 908; x_wconf 78' lang='lat' dir='ltr'>motibus</span> <span class='ocrx_word' id='word_1_5' title='bbox 587 848 744 906; x_wconf 80' lang='lat' dir='ltr'><em>constabat</em></span> <span class='ocrx_word' id='word_1_6' title='bbox 765 849 862 906; x_wconf 81' lang='lat' dir='ltr'>sottro</span> <span class='ocrx_word' id='word_1_7' title='bbox 884 848 1064 920; x_wconf 80' lang='lat' dir='ltr'>uocabatur,</span> <span class='ocrx_word' id='word_1_8' title='bbox 1089 848 1179 920; x_wconf 78' lang='lat' dir='ltr'>quote</span> <span class='ocrx_word' id='word_1_9' title='bbox 1199 847 1388 922; x_wconf 79' lang='lat' dir='ltr'>scripserunt</span> <span class='ocrx_word' id='word_1_10' title='bbox 1401 846 1560 908; x_wconf 83' lang='lat' dir='ltr'>Pacuuius</span> 
     </span>
     <span class='ocr_line' id='line_1_3' title="bbox 438 942 1558 1030; baseline -0.001 -21"><span class='ocrx_word' id='word_1_11' title='bbox 438 957 466 1010; x_wconf 83' lang='lat' dir='ltr'>ct</span> <span class='ocrx_word' id='word_1_12' title='bbox 488 951 630 1010; x_wconf 62' lang='lat' dir='ltr'>Ennius!</span> <span class='ocrx_word' id='word_1_13' title='bbox 684 945 750 1010; x_wconf 85' lang='lat' dir='ltr'>Sed</span> <span class='ocrx_word' id='word_1_14' title='bbox 778 944 839 1007; x_wconf 90' lang='lat' dir='ltr'>hae</span> <span class='ocrx_word' id='word_1_15' title='bbox 868 942 952 1007; x_wconf 86' lang='lat' dir='ltr'>duae</span> <span class='ocrx_word' id='word_1_16' title='bbox 981 943 1231 1030; x_wconf 86' lang='lat' dir='ltr'>descriptiones,</span> <span class='ocrx_word' id='word_1_17' title='bbox 1261 944 1410 1029; x_wconf 89' lang='lat' dir='ltr'>quamuis</span> <span class='ocrx_word' id='word_1_18' title='bbox 1442 944 1558 1009; x_wconf 88' lang='lat' dir='ltr'>eodem</span> 
     </span>
     <span class='ocr_line' id='line_1_4' title="bbox 437 1045 1557 1133; baseline -0.001 -23"><span class='ocrx_word' id='word_1_19' title='bbox 437 1047 506 1111; x_wconf 89' lang='lat' dir='ltr'>fere</span> <span class='ocrx_word' id='word_1_20' title='bbox 529 1056 674 1133; x_wconf 89' lang='lat' dir='ltr'>tempore</span> <span class='ocrx_word' id='word_1_21' title='bbox 697 1048 763 1111; x_wconf 91' lang='lat' dir='ltr'>sint</span> <span class='ocrx_word' id='word_1_22' title='bbox 784 1046 892 1110; x_wconf 86' lang='lat' dir='ltr'>factae</span> <span class='ocrx_word' id='word_1_23' title='bbox 909 1085 947 1093; x_wconf 91' lang='lat'><strong>—</strong></span> <span class='ocrx_word' id='word_1_24' title='bbox 963 1046 1157 1110; x_wconf 83' lang='lat' dir='ltr'><strong>Diomedem</strong></span> <span class='ocrx_word' id='word_1_25' title='bbox 1179 1045 1266 1111; x_wconf 89' lang='lat' dir='ltr'>enim</span> <span class='ocrx_word' id='word_1_26' title='bbox 1288 1069 1329 1110; x_wconf 77' lang='lat' dir='ltr'>ex</span> <span class='ocrx_word' id='word_1_27' title='bbox 1346 1045 1557 1111; x_wconf 86' lang='lat' dir='ltr'>Suetonianis</span> 
     </span>
     <span class='ocr_line' id='line_1_5' title="bbox 436 1147 1557 1235; baseline -0.001 -22"><span class='ocrx_word' id='word_1_28' title='bbox 436 1148 642 1235; x_wconf 88' lang='lat' dir='ltr'>potissimum</span> <span class='ocrx_word' id='word_1_29' title='bbox 670 1149 772 1234; x_wconf 89' lang='lat' dir='ltr'>copiis</span> <span class='ocrx_word' id='word_1_30' title='bbox 802 1170 861 1211; x_wconf 91' lang='lat' dir='ltr'>sua</span> <span class='ocrx_word' id='word_1_31' title='bbox 887 1147 1037 1211; x_wconf 82' lang='lat' dir='ltr'>hausisse</span> <span class='ocrx_word' id='word_1_32' title='bbox 1065 1148 1105 1212; x_wconf 90' lang='lat' dir='ltr'>O.</span> <span class='ocrx_word' id='word_1_33' title='bbox 1134 1147 1268 1211; x_wconf 85' lang='lat' dir='ltr'>Iahnius</span> <span class='ocrx_word' id='word_1_34' title='bbox 1298 1148 1496 1213; x_wconf 89' lang='lat' dir='ltr'>monstrauit</span> <span class='ocrx_word' id='word_1_35' title='bbox 1522 1148 1557 1212; x_wconf 92' lang='lat' dir='ltr'>in</span> 
     </span>
     <span class='ocr_line' id='line_1_6' title="bbox 437 1249 1557 1336; baseline 0 -22"><span class='ocrx_word' id='word_1_36' title='bbox 437 1274 549 1316; x_wconf 89' lang='lat' dir='ltr'>museo</span> <span class='ocrx_word' id='word_1_37' title='bbox 573 1250 717 1316; x_wconf 85' lang='lat' dir='ltr'>rhenano</span> <span class='ocrx_word' id='word_1_38' title='bbox 741 1251 794 1315; x_wconf 91' lang='lat' dir='ltr'>IX</span> <span class='ocrx_word' id='word_1_39' title='bbox 816 1258 877 1318; x_wconf 84' lang='lat'>629</span> <span class='ocrx_word' id='word_1_40' title='bbox 899 1272 948 1334; x_wconf 85' lang='lat' dir='ltr'>sq.</span> <span class='ocrx_word' id='word_1_41' title='bbox 972 1285 1010 1296; x_wconf 88' lang='lat'>-</span> <span class='ocrx_word' id='word_1_42' title='bbox 1034 1249 1066 1311; x_wconf 95' lang='lat' dir='ltr'>in</span> <span class='ocrx_word' id='word_1_43' title='bbox 1088 1249 1258 1315; x_wconf 79' lang='lat' dir='ltr'>Luciliano</span> <span class='ocrx_word' id='word_1_44' title='bbox 1282 1250 1415 1336; x_wconf 87' lang='lat' dir='ltr'>quidem</span> <span class='ocrx_word' id='word_1_45' title='bbox 1435 1273 1557 1334; x_wconf 87' lang='lat' dir='ltr'>genere</span> 
     </span>
     <span class='ocr_line' id='line_1_7' title="bbox 438 1350 1556 1438; baseline -0.002 -20"><span class='ocrx_word' id='word_1_46' title='bbox 438 1353 620 1418; x_wconf 87' lang='lat' dir='ltr'>enarrando</span> <span class='ocrx_word' id='word_1_47' title='bbox 645 1354 725 1416; x_wconf 90' lang='lat' dir='ltr'>satis</span> <span class='ocrx_word' id='word_1_48' title='bbox 748 1353 833 1415; x_wconf 91' lang='lat' dir='ltr'>inter</span> <span class='ocrx_word' id='word_1_49' title='bbox 856 1373 891 1414; x_wconf 92' lang='lat' dir='ltr'>se</span> <span class='ocrx_word' id='word_1_50' title='bbox 907 1350 1131 1434; x_wconf 80' lang='lat' dir='ltr'>consentiunt3</span> <span class='ocrx_word' id='word_1_51' title='bbox 1156 1350 1196 1415; x_wconf 93' lang='lat' dir='ltr'>de</span> <span class='ocrx_word' id='word_1_52' title='bbox 1218 1350 1321 1415; x_wconf 90' lang='lat' dir='ltr'>altera</span> <span class='ocrx_word' id='word_1_53' title='bbox 1336 1363 1446 1417; x_wconf 89' lang='lat' dir='ltr'>autem</span> <span class='ocrx_word' id='word_1_54' title='bbox 1461 1361 1556 1438; x_wconf 88' lang='lat' dir='ltr'>parte</span> 
     </span>
     <span class='ocr_line' id='line_1_8' title="bbox 437 1451 1556 1542; baseline -0.002 -23"><span class='ocrx_word' id='word_1_55' title='bbox 437 1478 520 1541; x_wconf 90' lang='lat' dir='ltr'>quae</span> <span class='ocrx_word' id='word_1_56' title='bbox 542 1455 730 1542; x_wconf 88' lang='lat' dir='ltr'>proferunt,</span> <span class='ocrx_word' id='word_1_57' title='bbox 754 1475 793 1516; x_wconf 92' lang='lat' dir='ltr'>ea</span> <span class='ocrx_word' id='word_1_58' title='bbox 821 1451 865 1515; x_wconf 93' lang='lat' dir='ltr'>ad</span> <span class='ocrx_word' id='word_1_59' title='bbox 886 1474 939 1515; x_wconf 90' lang='lat' dir='ltr'>res</span> <span class='ocrx_word' id='word_1_60' title='bbox 968 1453 1099 1518; x_wconf 92' lang='lat' dir='ltr'>omnino</span> <span class='ocrx_word' id='word_1_61' title='bbox 1129 1452 1281 1539; x_wconf 88' lang='lat' dir='ltr'>diuersas</span> <span class='ocrx_word' id='word_1_62' title='bbox 1306 1464 1457 1538; x_wconf 88' lang='lat' dir='ltr'>spectare</span> <span class='ocrx_word' id='word_1_63' title='bbox 1478 1453 1556 1518; x_wconf 90' lang='lat' dir='ltr'>inde</span> 
     </span>
     <span class='ocr_line' id='line_1_9' title="bbox 436 1553 1555 1643; baseline -0.004 -21"><span class='ocrx_word' id='word_1_64' title='bbox 436 1558 546 1622; x_wconf 89' lang='lat' dir='ltr'>statim</span> <span class='ocrx_word' id='word_1_65' title='bbox 569 1564 716 1643; x_wconf 88' lang='lat' dir='ltr'>apparet,</span> <span class='ocrx_word' id='word_1_66' title='bbox 740 1553 828 1639; x_wconf 91' lang='lat' dir='ltr'>quod</span> <span class='ocrx_word' id='word_1_67' title='bbox 850 1557 993 1617; x_wconf 74' lang='lat' dir='ltr'>‘carmen</span> <span class='ocrx_word' id='word_1_68' title='bbox 1007 1553 1159 1641; x_wconf 89' lang='lat' dir='ltr'>—quale</span> <span class='ocrx_word' id='word_1_69' title='bbox 1174 1555 1377 1640; x_wconf 87' lang='lat' dir='ltr'>scripserunt</span> <span class='ocrx_word' id='word_1_70' title='bbox 1390 1555 1555 1620; x_wconf 87' lang='lat' dir='ltr'>Pacuuius</span> 
     </span>
     <span class='ocr_line' id='line_1_10' title="bbox 436 1644 1553 1739; baseline -0.004 -14"><span class='ocrx_word' id='word_1_71' title='bbox 436 1672 469 1725; x_wconf 88' lang='lat' dir='ltr'>et</span> <span class='ocrx_word' id='word_1_72' title='bbox 484 1658 624 1724; x_wconf 86' lang='lat' dir='ltr'>Ennius&#39;</span> <span class='ocrx_word' id='word_1_73' title='bbox 636 1644 712 1720; x_wconf 77' lang='lat' dir='ltr'>¹non</span> <span class='ocrx_word' id='word_1_74' title='bbox 735 1678 807 1719; x_wconf 88' lang='lat' dir='ltr'>esse</span> <span class='ocrx_word' id='word_1_75' title='bbox 830 1655 1098 1723; x_wconf 84' lang='lat' dir='ltr'>confundendum</span> <span class='ocrx_word' id='word_1_76' title='bbox 1112 1678 1185 1720; x_wconf 86' lang='lat' dir='ltr'>eum</span> <span class='ocrx_word' id='word_1_77' title='bbox 1201 1668 1313 1721; x_wconf 90' lang='lat' dir='ltr'>satura</span> <span class='ocrx_word' id='word_1_78' title='bbox 1332 1656 1553 1739; x_wconf 74' lang='lat' dir='ltr'>Varroniano,</span> 
     </span>
     <span class='ocr_line' id='line_1_11' title="bbox 436 1757 1555 1845; baseline -0.002 -21"><span class='ocrx_word' id='word_1_79' title='bbox 436 1762 512 1826; x_wconf 85' lang='lat' dir='ltr'>licet</span> <span class='ocrx_word' id='word_1_80' title='bbox 535 1758 749 1823; x_wconf 84' lang='lat' dir='ltr'>Casaubonus</span> <span class='ocrx_word' id='word_1_81' title='bbox 772 1757 814 1820; x_wconf 91' lang='lat' dir='ltr'>de</span> <span class='ocrx_word' id='word_1_82' title='bbox 837 1757 980 1844; x_wconf 87' lang='lat' dir='ltr'>satyrica</span> <span class='ocrx_word' id='word_1_83' title='bbox 1001 1758 1202 1823; x_wconf 84' lang='lat' dir='ltr'>Graecorum</span> <span class='ocrx_word' id='word_1_84' title='bbox 1224 1759 1315 1845; x_wconf 90' lang='lat' dir='ltr'>poesi</span> <span class='ocrx_word' id='word_1_85' title='bbox 1338 1769 1371 1824; x_wconf 95' lang='lat' dir='ltr'>et</span> <span class='ocrx_word' id='word_1_86' title='bbox 1391 1760 1555 1825; x_wconf 87' lang='lat' dir='ltr'>Romano·</span> 
     </span>
     <span class='ocr_line' id='line_1_12' title="bbox 435 1858 1555 1946; baseline -0.002 -19"><span class='ocrx_word' id='word_1_87' title='bbox 435 1885 508 1927; x_wconf 92' lang='lat' dir='ltr'>rum</span> <span class='ocrx_word' id='word_1_88' title='bbox 530 1861 631 1926; x_wconf 88' lang='lat' dir='ltr'>satira</span> <span class='ocrx_word' id='word_1_89' title='bbox 652 1875 684 1945; x_wconf 89' lang='lat' dir='ltr'>p.</span> <span class='ocrx_word' id='word_1_90' title='bbox 710 1867 770 1928; x_wconf 81' lang='lat'>199</span> <span class='ocrx_word' id='word_1_91' title='bbox 792 1858 839 1921; x_wconf 90' lang='lat' dir='ltr'>ita</span> <span class='ocrx_word' id='word_1_92' title='bbox 862 1867 1003 1940; x_wconf 89' lang='lat' dir='ltr'>statuat,</span> <span class='ocrx_word' id='word_1_93' title='bbox 1032 1859 1105 1946; x_wconf 89' lang='lat' dir='ltr'>ipsa</span> <span class='ocrx_word' id='word_1_94' title='bbox 1134 1859 1331 1940; x_wconf 78' lang='lat' dir='ltr'>Quintiliani</span> <span class='ocrx_word' id='word_1_95' title='bbox 1358 1861 1463 1925; x_wconf 89' lang='lat' dir='ltr'>uerba</span> <span class='ocrx_word' id='word_1_96' title='bbox 1491 1859 1555 1925; x_wconf 88' lang='lat' dir='ltr'>cla-</span> 
     </span>
     <span class='ocr_line' id='line_1_13' title="bbox 435 1959 1553 2048; baseline -0.004 -19"><span class='ocrx_word' id='word_1_97' title='bbox 435 1974 542 2045; x_wconf 88' lang='lat' dir='ltr'>mant,</span> <span class='ocrx_word' id='word_1_98' title='bbox 566 1963 750 2026; x_wconf 89' lang='lat' dir='ltr'>Varronem</span> <span class='ocrx_word' id='word_1_99' title='bbox 774 1959 925 2023; x_wconf 84' lang='lat' dir='ltr'>‘alterum</span> <span class='ocrx_word' id='word_1_100' title='bbox 948 1959 1030 2023; x_wconf 91' lang='lat' dir='ltr'>illud</span> <span class='ocrx_word' id='word_1_101' title='bbox 1052 1969 1167 2042; x_wconf 77' lang='lat' dir='ltr'>genus‘</span> <span class='ocrx_word' id='word_1_102' title='bbox 1191 1961 1424 2042; x_wconf 71' lang='lat' dir='ltr'>condidisse</span> <span class='ocrx_word' id='word_1_103' title='bbox 1447 1961 1553 2048; x_wconf 90' lang='lat' dir='ltr'>perhi-</span> 
     </span>
     <span class='ocr_line' id='line_1_14' title="bbox 434 2061 1554 2147; baseline -0.004 -16"><span class='ocrx_word' id='word_1_104' title='bbox 434 2067 558 2131; x_wconf 88' lang='lat' dir='ltr'>bentia.</span> <span class='ocrx_word' id='word_1_105' title='bbox 586 2065 786 2128; x_wconf 80' lang='lat' dir='ltr'>Litterarum</span> <span class='ocrx_word' id='word_1_106' title='bbox 809 2062 895 2125; x_wconf 89' lang='lat' dir='ltr'>enirn</span> <span class='ocrx_word' id='word_1_107' title='bbox 917 2084 1020 2146; x_wconf 83' lang='lat' dir='ltr'>genus</span> <span class='ocrx_word' id='word_1_108' title='bbox 1042 2061 1175 2147; x_wconf 85' lang='lat' dir='ltr'>aliquod</span> <span class='ocrx_word' id='word_1_109' title='bbox 1199 2064 1339 2128; x_wconf 88' lang='lat' dir='ltr'>condere</span> <span class='ocrx_word' id='word_1_110' title='bbox 1361 2062 1442 2126; x_wconf 89' lang='lat' dir='ltr'>nihil</span> <span class='ocrx_word' id='word_1_111' title='bbox 1463 2063 1554 2127; x_wconf 80' lang='lat' dir='ltr'>aliud</span> 
     </span>
     <span class='ocr_line' id='line_1_15' title="bbox 435 2163 1554 2250; baseline -0.003 -19"><span class='ocrx_word' id='word_1_112' title='bbox 435 2168 498 2237; x_wconf 86' lang='lat' dir='ltr'>nisi</span> <span class='ocrx_word' id='word_1_113' title='bbox 514 2166 548 2230; x_wconf 93' lang='lat' dir='ltr'>id</span> <span class='ocrx_word' id='word_1_114' title='bbox 563 2165 710 2229; x_wconf 90' lang='lat' dir='ltr'>inuenire</span> <span class='ocrx_word' id='word_1_115' title='bbox 726 2164 929 2250; x_wconf 89' lang='lat' dir='ltr'>primumque</span> <span class='ocrx_word' id='word_1_116' title='bbox 945 2163 1094 2229; x_wconf 84' lang='lat' dir='ltr'>excolere</span> <span class='ocrx_word' id='word_1_117' title='bbox 1105 2173 1215 2250; x_wconf 89' lang='lat' dir='ltr'>potest</span> <span class='ocrx_word' id='word_1_118' title='bbox 1230 2165 1426 2248; x_wconf 86' lang='lat' dir='ltr'>significare,</span> <span class='ocrx_word' id='word_1_119' title='bbox 1440 2164 1554 2230; x_wconf 87' lang='lat' dir='ltr'>eodem</span> 
     </span>
     <span class='ocr_line' id='line_1_16' title="bbox 370 2265 1553 2353; baseline -0.003 -20"><span class='ocrx_word' id='word_1_120' title='bbox 370 2346 374 2352; x_wconf 87' lang='lat'><em>.</em></span> <span class='ocrx_word' id='word_1_121' title='bbox 435 2269 531 2333; x_wconf 89' lang='lat' dir='ltr'>modo</span> <span class='ocrx_word' id='word_1_122' title='bbox 555 2290 618 2352; x_wconf 94' lang='lat' dir='ltr'>quo</span> <span class='ocrx_word' id='word_1_123' title='bbox 642 2265 772 2351; x_wconf 86' lang='lat' dir='ltr'>singula</span> <span class='ocrx_word' id='word_1_124' title='bbox 794 2266 940 2329; x_wconf 87' lang='lat' dir='ltr'>carmina</span> <span class='ocrx_word' id='word_1_125' title='bbox 961 2288 1118 2329; x_wconf 89' lang='lat' dir='ltr'>uersusue</span> <span class='ocrx_word' id='word_1_126' title='bbox 1141 2267 1197 2352; x_wconf 91' lang='lat' dir='ltr'>qui</span> <span class='ocrx_word' id='word_1_127' title='bbox 1218 2266 1345 2330; x_wconf 86' lang='lat' dir='ltr'>inuenit</span> <span class='ocrx_word' id='word_1_128' title='bbox 1363 2266 1553 2353; x_wconf 80' lang='lat' dir='ltr'>scribitque,</span> 
     </span>
     <span class='ocr_line' id='line_1_17' title="bbox 436 2367 1554 2452; baseline -0.002 -18"><span class='ocrx_word' id='word_1_129' title='bbox 436 2370 576 2435; x_wconf 88' lang='lat' dir='ltr'>condere</span> <span class='ocrx_word' id='word_1_130' title='bbox 600 2391 638 2432; x_wconf 89' lang='lat' dir='ltr'>ea</span> <span class='ocrx_word' id='word_1_131' title='bbox 662 2368 790 2432; x_wconf 87' lang='lat' dir='ltr'>dicitur.</span> <span class='ocrx_word' id='word_1_132' title='bbox 835 2367 927 2430; x_wconf 90' lang='lat' dir='ltr'>Nihil</span> <span class='ocrx_word' id='word_1_133' title='bbox 948 2367 1049 2452; x_wconf 85' lang='lat' dir='ltr'>igitur</span> <span class='ocrx_word' id='word_1_134' title='bbox 1071 2368 1113 2431; x_wconf 92' lang='lat' dir='ltr'>ad</span> <span class='ocrx_word' id='word_1_135' title='bbox 1136 2367 1332 2447; x_wconf 75' lang='lat' dir='ltr'>Quintiliani</span> <span class='ocrx_word' id='word_1_136' title='bbox 1356 2369 1554 2434; x_wconf 88' lang='lat' dir='ltr'>sententiam</span> 
     </span>
     <span class='ocr_line' id='line_1_18' title="bbox 436 2468 1553 2558; baseline -0.003 -23"><span class='ocrx_word' id='word_1_137' title='bbox 436 2474 547 2558; x_wconf 85' lang='lat' dir='ltr'>(quam</span> <span class='ocrx_word' id='word_1_138' title='bbox 576 2493 688 2534; x_wconf 91' lang='lat' dir='ltr'>ueram</span> <span class='ocrx_word' id='word_1_139' title='bbox 723 2492 793 2533; x_wconf 88' lang='lat' dir='ltr'>esse</span> <span class='ocrx_word' id='word_1_140' title='bbox 821 2468 1024 2554; x_wconf 89' lang='lat' dir='ltr'>uidebimus)</span> <span class='ocrx_word' id='word_1_141' title='bbox 1053 2468 1280 2534; x_wconf 80' lang='lat' dir='ltr'>Varronianus</span> <span class='ocrx_word' id='word_1_142' title='bbox 1314 2479 1445 2533; x_wconf 89' lang='lat' dir='ltr'>saturae</span> <span class='ocrx_word' id='word_1_143' title='bbox 1479 2492 1553 2533; x_wconf 92' lang='lat' dir='ltr'>cum</span> 
     </span>
     <span class='ocr_line' id='line_1_19' title="bbox 435 2571 1553 2658; baseline -0.001 -21"><span class='ocrx_word' id='word_1_144' title='bbox 435 2574 523 2637; x_wconf 83' lang='lat' dir='ltr'>Enni</span> <span class='ocrx_word' id='word_1_145' title='bbox 544 2572 732 2657; x_wconf 89' lang='lat' dir='ltr'>Pacuuique</span> <span class='ocrx_word' id='word_1_146' title='bbox 755 2571 954 2635; x_wconf 83' lang='lat' dir='ltr'>carminibus</span> <span class='ocrx_word' id='word_1_147' title='bbox 979 2571 1089 2655; x_wconf 88' lang='lat' dir='ltr'>negoti</span> <span class='ocrx_word' id='word_1_148' title='bbox 1111 2580 1176 2651; x_wconf 89' lang='lat' dir='ltr'>est,</span> <span class='ocrx_word' id='word_1_149' title='bbox 1200 2572 1327 2658; x_wconf 86' lang='lat' dir='ltr'>triaque</span> <span class='ocrx_word' id='word_1_150' title='bbox 1349 2572 1480 2637; x_wconf 93' lang='lat' dir='ltr'>omnino</span> <span class='ocrx_word' id='word_1_151' title='bbox 1504 2595 1553 2636; x_wconf 89' lang='lat' dir='ltr'>sa·</span> 
     </span>
     <span class='ocr_line' id='line_1_20' title="bbox 435 2673 1553 2759; baseline -0.002 -20"><span class='ocrx_word' id='word_1_152' title='bbox 435 2685 584 2740; x_wconf 88' lang='lat' dir='ltr'>turarum</span> <span class='ocrx_word' id='word_1_153' title='bbox 607 2696 728 2757; x_wconf 84' lang='lat' dir='ltr'>genera</span> <span class='ocrx_word' id='word_1_154' title='bbox 751 2673 901 2737; x_wconf 86' lang='lat' dir='ltr'>extitisse</span> <span class='ocrx_word' id='word_1_155' title='bbox 924 2683 975 2736; x_wconf 88' lang='lat' dir='ltr'>est</span> <span class='ocrx_word' id='word_1_156' title='bbox 1002 2673 1255 2753; x_wconf 83' lang='lat' dir='ltr'>consectarium,</span> <span class='ocrx_word' id='word_1_157' title='bbox 1286 2696 1424 2759; x_wconf 91' lang='lat' dir='ltr'>quorum</span> <span class='ocrx_word' id='word_1_158' title='bbox 1450 2697 1553 2737; x_wconf 91' lang='lat' dir='ltr'>unum</span> 
     </span>
     <span class='ocr_line' id='line_1_21' title="bbox 434 2763 1552 2861; baseline -0.003 -20"><span class='ocrx_word' id='word_1_159' title='bbox 434 2776 531 2841; x_wconf 91' lang='lat' dir='ltr'>modo</span> <span class='ocrx_word' id='word_1_160' title='bbox 548 2774 648 2861; x_wconf 18' lang='lat' dir='ltr'>‘quod</span> <span class='ocrx_word' id='word_1_161' title='bbox 677 2785 727 2838; x_wconf 88' lang='lat' dir='ltr'>est</span> <span class='ocrx_word' id='word_1_162' title='bbox 753 2772 961 2837; x_wconf 83' lang='lat' dir='ltr'>Lucilianum</span> <span class='ocrx_word' id='word_1_163' title='bbox 989 2773 1031 2837; x_wconf 90' lang='lat' dir='ltr'>ab</span> <span class='ocrx_word' id='word_1_164' title='bbox 1061 2763 1204 2860; x_wconf 75' lang='lat' dir='ltr'>utroque</span> <span class='ocrx_word' id='word_1_165' title='bbox 1231 2784 1329 2855; x_wconf 88' lang='lat' dir='ltr'>teste,</span> <span class='ocrx_word' id='word_1_166' title='bbox 1366 2797 1386 2837; x_wconf 92' lang='lat' dir='ltr'>a</span> <span class='ocrx_word' id='word_1_167' title='bbox 1413 2775 1552 2860; x_wconf 82' lang='lat' dir='ltr'>singulis</span> 
     </span>
     <span class='ocr_line' id='line_1_22' title="bbox 434 2875 1551 2964; baseline 0.002 -23"><span class='ocrx_word' id='word_1_168' title='bbox 434 2887 562 2954; x_wconf 87' lang='lat' dir='ltr'>tantum</span> <span class='ocrx_word' id='word_1_169' title='bbox 583 2876 710 2964; x_wconf 91' lang='lat' dir='ltr'>reliqua</span> <span class='ocrx_word' id='word_1_170' title='bbox 726 2875 790 2942; x_wconf 91' lang='lat' dir='ltr'>duo</span> <span class='ocrx_word' id='word_1_171' title='bbox 814 2876 1005 2940; x_wconf 86' lang='lat' dir='ltr'>afferuntur.</span> <span class='ocrx_word' id='word_1_172' title='bbox 1049 2876 1166 2961; x_wconf 87' lang='lat' dir='ltr'>Itaque</span> <span class='ocrx_word' id='word_1_173' title='bbox 1189 2876 1298 2940; x_wconf 89' lang='lat' dir='ltr'>omnia</span> <span class='ocrx_word' id='word_1_174' title='bbox 1318 2876 1384 2939; x_wconf 90' lang='lat' dir='ltr'>iam</span> <span class='ocrx_word' id='word_1_175' title='bbox 1406 2877 1440 2940; x_wconf 91' lang='lat' dir='ltr'>in</span> <span class='ocrx_word' id='word_1_176' title='bbox 1462 2888 1551 2943; x_wconf 87' lang='lat' dir='ltr'>utro-</span> 
     </span>
     <span class='ocr_line' id='line_1_23' title="bbox 435 2969 1551 3066; baseline -0.002 -22"><span class='ocrx_word' id='word_1_177' title='bbox 435 3003 497 3066; x_wconf 93' lang='lat' dir='ltr'>que</span> <span class='ocrx_word' id='word_1_178' title='bbox 519 2979 588 3044; x_wconf 84' lang='lat' dir='ltr'>loco</span> <span class='ocrx_word' id='word_1_179' title='bbox 612 2979 710 3064; x_wconf 89' lang='lat' dir='ltr'>plana</span> <span class='ocrx_word' id='word_1_180' title='bbox 733 2988 854 3060; x_wconf 81' lang='lat' dir='ltr'>essent,</span> <span class='ocrx_word' id='word_1_181' title='bbox 870 2979 936 3042; x_wconf 91' lang='lat' dir='ltr'>nisi</span> <span class='ocrx_word' id='word_1_182' title='bbox 957 2977 1038 3043; x_wconf 86' lang='lat' dir='ltr'>haec</span> <span class='ocrx_word' id='word_1_183' title='bbox 1059 2979 1164 3043; x_wconf 90' lang='lat' dir='ltr'>uerba</span> <span class='ocrx_word' id='word_1_184' title='bbox 1185 2978 1426 3043; x_wconf 87' lang='lat' dir='ltr'>intercederent</span> <span class='ocrx_word' id='word_1_185' title='bbox 1450 2969 1551 3060; x_wconf 65' lang='lat' dir='ltr'>Quin-⁴</span> 
     </span>
     <span class='ocr_line' id='line_1_24' title="bbox 434 3079 1555 3167; baseline 0.001 -23"><span class='ocrx_word' id='word_1_186' title='bbox 434 3082 570 3145; x_wconf 88' lang='lat' dir='ltr'>tilianea</span> <span class='ocrx_word' id='word_1_187' title='bbox 593 3080 743 3145; x_wconf 72' lang='lat' dir='ltr'>‘alterurn</span> <span class='ocrx_word' id='word_1_188' title='bbox 765 3079 848 3143; x_wconf 90' lang='lat' dir='ltr'>illud</span> <span class='ocrx_word' id='word_1_189' title='bbox 871 3080 992 3144; x_wconf 88' lang='lat' dir='ltr'>etiarn</span> <span class='ocrx_word' id='word_1_190' title='bbox 1015 3081 1127 3167; x_wconf 89' lang='lat' dir='ltr'>prius</span> <span class='ocrx_word' id='word_1_191' title='bbox 1152 3081 1271 3145; x_wconf 87' lang='lat' dir='ltr'>satirae</span> <span class='ocrx_word' id='word_1_192' title='bbox 1293 3089 1423 3165; x_wconf 64' lang='lat' dir='ltr'>genus!</span> <span class='ocrx_word' id='word_1_193' title='bbox 1458 3082 1555 3161; x_wconf 79' lang='lat' dir='ltr'>Quae</span> 
     </span>
     <span class='ocr_line' id='line_1_25' title="bbox 435 3180 1551 3268; baseline 0.002 -23"><span class='ocrx_word' id='word_1_194' title='bbox 435 3183 536 3247; x_wconf 88' lang='lat' dir='ltr'>uerba</span> <span class='ocrx_word' id='word_1_195' title='bbox 558 3204 630 3244; x_wconf 91' lang='lat' dir='ltr'>cum</span> <span class='ocrx_word' id='word_1_196' title='bbox 654 3182 820 3245; x_wconf 82' lang='lat' dir='ltr'>Gesnerus</span> <span class='ocrx_word' id='word_1_197' title='bbox 844 3180 921 3246; x_wconf 92' lang='lat' dir='ltr'>olim</span> <span class='ocrx_word' id='word_1_198' title='bbox 947 3183 1219 3268; x_wconf 87' lang='lat' dir='ltr'>interpretaretur</span> <span class='ocrx_word' id='word_1_199' title='bbox 1246 3183 1357 3247; x_wconf 71' lang='lat' dir='ltr'>‘etiam</span> <span class='ocrx_word' id='word_1_200' title='bbox 1383 3192 1551 3268; x_wconf 88' lang='lat' dir='ltr'>praestan-</span> 
     </span>
     <span class='ocr_line' id='line_1_26' title="bbox 416 3271 1551 3369; baseline -0.003 -21"><span class='ocrx_word' id='word_1_201' title='bbox 416 3271 512 3348; x_wconf 40' lang='lat' dir='ltr'>&#39;tius’</span> <span class='ocrx_word' id='word_1_202' title='bbox 536 3281 693 3348; x_wconf 90' lang='lat' dir='ltr'>ariolatus</span> <span class='ocrx_word' id='word_1_203' title='bbox 722 3290 789 3365; x_wconf 80' lang='lat' dir='ltr'>est3</span> <span class='ocrx_word' id='word_1_204' title='bbox 822 3305 898 3346; x_wconf 90' lang='lat' dir='ltr'>narn</span> <span class='ocrx_word' id='word_1_205' title='bbox 926 3284 1089 3347; x_wconf 87' lang='lat' dir='ltr'>sententia</span> <span class='ocrx_word' id='word_1_206' title='bbox 1115 3304 1181 3346; x_wconf 90' lang='lat' dir='ltr'>non</span> <span class='ocrx_word' id='word_1_207' title='bbox 1207 3292 1315 3369; x_wconf 88' lang='lat' dir='ltr'>potest</span> <span class='ocrx_word' id='word_1_208' title='bbox 1346 3282 1411 3347; x_wconf 85' lang='lat' dir='ltr'>alia</span> <span class='ocrx_word' id='word_1_209' title='bbox 1434 3283 1551 3369; x_wconf 90' lang='lat' dir='ltr'>dispici</span> 
     </span>
     <span class='ocr_line' id='line_1_27' title="bbox 433 3383 1552 3471; baseline 0.001 -23"><span class='ocrx_word' id='word_1_210' title='bbox 433 3386 499 3449; x_wconf 92' lang='lat' dir='ltr'>nisi</span> <span class='ocrx_word' id='word_1_211' title='bbox 520 3386 616 3449; x_wconf 88' lang='lat' dir='ltr'>haec:</span> <span class='ocrx_word' id='word_1_212' title='bbox 646 3384 755 3470; x_wconf 90' lang='lat' dir='ltr'>priore</span> <span class='ocrx_word' id='word_1_213' title='bbox 786 3395 931 3471; x_wconf 90' lang='lat' dir='ltr'>tempore</span> <span class='ocrx_word' id='word_1_214' title='bbox 959 3393 1109 3449; x_wconf 84' lang='lat' dir='ltr'>exortum</span> <span class='ocrx_word' id='word_1_215' title='bbox 1138 3407 1210 3455; x_wconf 86' lang='lat' dir='ltr'>esse</span> <span class='ocrx_word' id='word_1_216' title='bbox 1237 3383 1300 3449; x_wconf 87' lang='lat' dir='ltr'>hoc</span> <span class='ocrx_word' id='word_1_217' title='bbox 1327 3406 1430 3470; x_wconf 85' lang='lat' dir='ltr'>genus</span> <span class='ocrx_word' id='word_1_218' title='bbox 1454 3408 1552 3471; x_wconf 91' lang='lat' dir='ltr'>quam</span> 
     </span>
     <span class='ocr_line' id='line_1_28' title="bbox 433 3483 1573 3573; baseline 0.002 -25"><span class='ocrx_word' id='word_1_219' title='bbox 433 3487 515 3549; x_wconf 91' lang='lat' dir='ltr'>illud</span> <span class='ocrx_word' id='word_1_220' title='bbox 537 3487 578 3550; x_wconf 90' lang='lat' dir='ltr'>de</span> <span class='ocrx_word' id='word_1_221' title='bbox 600 3510 663 3572; x_wconf 90' lang='lat' dir='ltr'>quo</span> <span class='ocrx_word' id='word_1_222' title='bbox 693 3497 791 3552; x_wconf 86' lang='lat' dir='ltr'>antea</span> <span class='ocrx_word' id='word_1_223' title='bbox 818 3486 943 3551; x_wconf 91' lang='lat' dir='ltr'>dictum</span> <span class='ocrx_word' id='word_1_224' title='bbox 966 3487 1019 3551; x_wconf 91' lang='lat' dir='ltr'>sit.</span> <span class='ocrx_word' id='word_1_225' title='bbox 1064 3485 1166 3561; x_wconf 80' lang='lat' dir='ltr'>Cuius</span> <span class='ocrx_word' id='word_1_226' title='bbox 1195 3509 1267 3550; x_wconf 90' lang='lat' dir='ltr'>curn</span> <span class='ocrx_word' id='word_1_227' title='bbox 1289 3486 1413 3573; x_wconf 88' lang='lat' dir='ltr'>primus</span> <span class='ocrx_word' id='word_1_228' title='bbox 1436 3483 1573 3554; x_wconf 54' lang='lat' dir='ltr'>auctor¹</span> 
     </span>
     <span class='ocr_line' id='line_1_29' title="bbox 435 3587 1564 3674; baseline 0.002 -22"><span class='ocrx_word' id='word_1_229' title='bbox 435 3587 562 3652; x_wconf 88' lang='lat' dir='ltr'>dicatur</span> <span class='ocrx_word' id='word_1_230' title='bbox 590 3588 754 3671; x_wconf 88' lang='lat' dir='ltr'>Lucilius,</span> <span class='ocrx_word' id='word_1_231' title='bbox 789 3588 843 3674; x_wconf 90' lang='lat' dir='ltr'>qui</span> <span class='ocrx_word' id='word_1_232' title='bbox 870 3589 1054 3652; x_wconf 88' lang='lat' dir='ltr'>Varronem</span> <span class='ocrx_word' id='word_1_233' title='bbox 1090 3597 1197 3656; x_wconf 88' lang='lat' dir='ltr'>aetate</span> <span class='ocrx_word' id='word_1_234' title='bbox 1225 3587 1329 3653; x_wconf 88' lang='lat' dir='ltr'>multo</span> <span class='ocrx_word' id='word_1_235' title='bbox 1360 3591 1564 3674; x_wconf 79' lang='lat' dir='ltr'>praecessit,-</span> 
     </span>
     <span class='ocr_line' id='line_1_30' title="bbox 374 3678 1550 3776; baseline 0.001 -23"><span class='ocrx_word' id='word_1_236' title='bbox 374 3678 377 3683; x_wconf 42' lang='grc'><em>’</em></span> <span class='ocrx_word' id='word_1_237' title='bbox 433 3689 642 3753; x_wconf 86' lang='lat' dir='ltr'>manifestam</span> <span class='ocrx_word' id='word_1_238' title='bbox 664 3691 730 3752; x_wconf 90' lang='lat' dir='ltr'>iam</span> <span class='ocrx_word' id='word_1_239' title='bbox 759 3688 1050 3753; x_wconf 88' lang='lat' dir='ltr'>animaduertimus</span> <span class='ocrx_word' id='word_1_240' title='bbox 1081 3689 1334 3776; x_wconf 88' lang='lat' dir='ltr'>discrepantiam</span> <span class='ocrx_word' id='word_1_241' title='bbox 1362 3691 1397 3752; x_wconf 93' lang='lat' dir='ltr'>in</span> <span class='ocrx_word' id='word_1_242' title='bbox 1423 3700 1550 3756; x_wconf 86' lang='lat' dir='ltr'>senten·</span> 
     </span>
     <span class='ocr_line' id='line_1_31' title="bbox 433 3789 1550 3877; baseline 0.002 -23"><span class='ocrx_word' id='word_1_243' title='bbox 433 3792 489 3870; x_wconf 92' lang='lat' dir='ltr'>tia,</span> <span class='ocrx_word' id='word_1_244' title='bbox 514 3813 578 3876; x_wconf 90' lang='lat' dir='ltr'>qua</span> <span class='ocrx_word' id='word_1_245' title='bbox 600 3800 732 3854; x_wconf 87' lang='lat' dir='ltr'>saturae</span> <span class='ocrx_word' id='word_1_246' title='bbox 754 3811 856 3874; x_wconf 85' lang='lat' dir='ltr'>genus</span> <span class='ocrx_word' id='word_1_247' title='bbox 880 3799 913 3853; x_wconf 89' lang='lat' dir='ltr'>et</span> <span class='ocrx_word' id='word_1_248' title='bbox 939 3791 1009 3877; x_wconf 89' lang='lat' dir='ltr'>ipso</span> <span class='ocrx_word' id='word_1_249' title='bbox 1032 3789 1160 3857; x_wconf 89' lang='lat' dir='ltr'>Lucilio</span> <span class='ocrx_word' id='word_1_250' title='bbox 1183 3791 1350 3877; x_wconf 88' lang='lat' dir='ltr'>antiquius</span> <span class='ocrx_word' id='word_1_251' title='bbox 1371 3803 1403 3856; x_wconf 89' lang='lat' dir='ltr'>et</span> <span class='ocrx_word' id='word_1_252' title='bbox 1421 3815 1446 3855; x_wconf 89' lang='lat' dir='ltr'>a</span> <span class='ocrx_word' id='word_1_253' title='bbox 1467 3793 1550 3856; x_wconf 88' lang='lat' dir='ltr'>Var-</span> 
     </span>
     <span class='ocr_line' id='line_1_32' title="bbox 433 3885 1551 3974; baseline 0.002 -17"><span class='ocrx_word' id='word_1_254' title='bbox 433 3885 511 3957; x_wconf 84' lang='lat' dir='ltr'>rone</span> <span class='ocrx_word' id='word_1_255' title='bbox 535 3890 665 3956; x_wconf 88' lang='lat' dir='ltr'>demum</span> <span class='ocrx_word' id='word_1_256' title='bbox 687 3891 858 3956; x_wconf 88' lang='lat' dir='ltr'>inuentum</span> <span class='ocrx_word' id='word_1_257' title='bbox 874 3914 946 3956; x_wconf 86' lang='lat' dir='ltr'>esse</span> <span class='ocrx_word' id='word_1_258' title='bbox 968 3917 1032 3957; x_wconf 94' lang='lat' dir='ltr'>uno</span> <span class='ocrx_word' id='word_1_259' title='bbox 1049 3903 1161 3958; x_wconf 85' lang='lat' dir='ltr'>tenore</span> <span class='ocrx_word' id='word_1_260' title='bbox 1178 3893 1308 3958; x_wconf 89' lang='lat' dir='ltr'>dicitur.</span> <span class='ocrx_word' id='word_1_261' title='bbox 1340 3894 1433 3974; x_wconf 79' lang='lat' dir='ltr'>Quae</span> <span class='ocrx_word' id='word_1_262' title='bbox 1448 3896 1551 3959; x_wconf 85' lang='lat' dir='ltr'>uerba</span> 
     </span>
     <span class='ocr_line' id='line_1_33' title="bbox 433 3992 1551 4082; baseline 0.002 -25"><span class='ocrx_word' id='word_1_263' title='bbox 433 3996 518 4058; x_wconf 88' lang='lat' dir='ltr'>inter</span> <span class='ocrx_word' id='word_1_264' title='bbox 541 4017 575 4058; x_wconf 89' lang='lat' dir='ltr'>se</span> <span class='ocrx_word' id='word_1_265' title='bbox 598 3992 757 4058; x_wconf 86' lang='lat' dir='ltr'>luctantia</span> <span class='ocrx_word' id='word_1_266' title='bbox 778 3993 972 4081; x_wconf 84' lang='lat' dir='ltr'>explicando</span> <span class='ocrx_word' id='word_1_267' title='bbox 995 3994 1169 4060; x_wconf 87' lang='lat' dir='ltr'>conciliare</span> <span class='ocrx_word' id='word_1_268' title='bbox 1183 3995 1394 4082; x_wconf 90' lang='lat' dir='ltr'>quantumuis</span> <span class='ocrx_word' id='word_1_269' title='bbox 1418 4005 1551 4059; x_wconf 89' lang='lat' dir='ltr'>strenue</span> 
     </span>
     <span class='ocr_line' id='line_1_34' title="bbox 433 4095 1548 4182; baseline 0 -23"><span class='ocrx_word' id='word_1_270' title='bbox 433 4119 471 4160; x_wconf 88' lang='lat' dir='ltr'>ac</span> <span class='ocrx_word' id='word_1_271' title='bbox 494 4095 880 4179; x_wconf 78' lang='lat' dir='ltr'>sollerteraggrediaris,</span> <span class='ocrx_word' id='word_1_272' title='bbox 897 4096 985 4163; x_wconf 94' lang='lat' dir='ltr'>nullo</span> <span class='ocrx_word' id='word_1_273' title='bbox 1002 4098 1099 4162; x_wconf 90' lang='lat' dir='ltr'>modo</span> <span class='ocrx_word' id='word_1_274' title='bbox 1115 4099 1305 4180; x_wconf 86' lang='lat' dir='ltr'>contingere</span> <span class='ocrx_word' id='word_1_275' title='bbox 1327 4105 1449 4182; x_wconf 83' lang='lat' dir='ltr'>potcst3</span> <span class='ocrx_word' id='word_1_276' title='bbox 1474 4120 1548 4160; x_wconf 92' lang='lat' dir='ltr'>nam</span> 
     </span>
     <span class='ocr_line' id='line_1_35' title="bbox 432 4195 1549 4284; baseline 0.001 -24"><span class='ocrx_word' id='word_1_277' title='bbox 432 4197 548 4260; x_wconf 87' lang='lat' dir='ltr'>uitium</span> <span class='ocrx_word' id='word_1_278' title='bbox 575 4198 661 4261; x_wconf 87' lang='lat' dir='ltr'>inest</span> <span class='ocrx_word' id='word_1_279' title='bbox 688 4195 883 4275; x_wconf 34' lang='lat' dir='ltr'>tollendum..</span> <span class='ocrx_word' id='word_1_280' title='bbox 932 4198 973 4262; x_wconf 91' lang='lat' dir='ltr'>Id</span> <span class='ocrx_word' id='word_1_281' title='bbox 1007 4201 1094 4284; x_wconf 92' lang='lat' dir='ltr'>quod</span> <span class='ocrx_word' id='word_1_282' title='bbox 1120 4198 1160 4262; x_wconf 91' lang='grc' dir='ltr'>Ο.</span> <span class='ocrx_word' id='word_1_283' title='bbox 1188 4197 1339 4263; x_wconf 89' lang='lat' dir='ltr'>Iahnium</span> <span class='ocrx_word' id='word_1_284' title='bbox 1365 4198 1400 4261; x_wconf 90' lang='lat' dir='ltr'>in</span> <span class='ocrx_word' id='word_1_285' title='bbox 1429 4197 1549 4263; x_wconf 87' lang='lat' dir='ltr'>scholis</span> 
     </span>
     <span class='ocr_line' id='line_1_36' title="bbox 433 4283 1549 4386; baseline 0.004 -25"><span class='ocrx_word' id='word_1_286' title='bbox 433 4298 500 4361; x_wconf 89' lang='lat' dir='ltr'>suis</span> <span class='ocrx_word' id='word_1_287' title='bbox 522 4298 570 4362; x_wconf 90' lang='lat' dir='ltr'>ita</span> <span class='ocrx_word' id='word_1_288' title='bbox 585 4308 761 4385; x_wconf 86' lang='lat' dir='ltr'>temptasse</span> <span class='ocrx_word' id='word_1_289' title='bbox 778 4300 922 4381; x_wconf 90' lang='lat' dir='ltr'>memini,</span> <span class='ocrx_word' id='word_1_290' title='bbox 937 4309 975 4363; x_wconf 89' lang='lat' dir='ltr'>ut</span> <span class='ocrx_word' id='word_1_291' title='bbox 989 4322 1048 4385; x_wconf 93' lang='lat' dir='ltr'>pro</span> <span class='ocrx_word' id='word_1_292' title='bbox 1072 4299 1244 4364; x_wconf 69' lang='lat' dir='ltr'>‘condidit’</span> <span class='ocrx_word' id='word_1_293' title='bbox 1268 4283 1441 4386; x_wconf 81' lang='lat' dir='ltr'>reponeret</span> <span class='ocrx_word' id='word_1_294' title='bbox 1461 4305 1549 4383; x_wconf 72' lang='lat' dir='ltr'>‘con-</span> 
     </span>
     <span class='ocr_line' id='line_1_37' title="bbox 435 4399 1548 4489; baseline 0.004 -27"><span class='ocrx_word' id='word_1_295' title='bbox 435 4399 542 4480; x_wconf 86' lang='lat' dir='ltr'>diuit&#39;,</span> <span class='ocrx_word' id='word_1_296' title='bbox 567 4401 624 4464; x_wconf 91' lang='lat' dir='ltr'>sed</span> <span class='ocrx_word' id='word_1_297' title='bbox 647 4426 764 4489; x_wconf 90' lang='lat' dir='ltr'>parum</span> <span class='ocrx_word' id='word_1_298' title='bbox 787 4403 939 4489; x_wconf 88' lang='lat' dir='ltr'>apposite</span> <span class='ocrx_word' id='word_1_299' title='bbox 961 4401 995 4463; x_wconf 92' lang='lat' dir='ltr'>ni</span> <span class='ocrx_word' id='word_1_300' title='bbox 1017 4400 1125 4481; x_wconf 85' lang='lat' dir='ltr'>fallor,</span> <span class='ocrx_word' id='word_1_301' title='bbox 1150 4423 1223 4463; x_wconf 88' lang='lat' dir='ltr'>cum</span> <span class='ocrx_word' id='word_1_302' title='bbox 1238 4399 1469 4486; x_wconf 89' lang='lat' dir='ltr'>pulcritudinis</span> <span class='ocrx_word' id='word_1_303' title='bbox 1486 4403 1548 4467; x_wconf 89' lang='lat' dir='ltr'>ele-</span> 
     </span>
     <span class='ocr_line' id='line_1_38' title="bbox 432 4500 1548 4586; baseline 0.004 -24"><span class='ocrx_word' id='word_1_304' title='bbox 432 4500 626 4586; x_wconf 85' lang='lat' dir='ltr'>gantiaeque</span> <span class='ocrx_word' id='word_1_305' title='bbox 649 4503 875 4568; x_wconf 89' lang='lat' dir='ltr'>Varronianae</span> <span class='ocrx_word' id='word_1_306' title='bbox 899 4500 1029 4565; x_wconf 88' lang='lat' dir='ltr'>laudern</span> <span class='ocrx_word' id='word_1_307' title='bbox 1051 4501 1086 4565; x_wconf 94' lang='lat' dir='ltr'>id</span> <span class='ocrx_word' id='word_1_308' title='bbox 1113 4502 1251 4566; x_wconf 86' lang='lat' dir='ltr'>uerbum</span> <span class='ocrx_word' id='word_1_309' title='bbox 1274 4502 1477 4582; x_wconf 78' lang='lat' dir='ltr'>Quintiliano</span> <span class='ocrx_word' id='word_1_310' title='bbox 1500 4506 1548 4567; x_wconf 94' lang='lat' dir='ltr'>in-</span> 
     </span>
     <span class='ocr_line' id='line_1_39' title="bbox 433 4599 1549 4692; baseline 0.004 -27"><span class='ocrx_word' id='word_1_311' title='bbox 433 4599 590 4683; x_wconf 82' lang='lat' dir='ltr'>culcaret,</span> <span class='ocrx_word' id='word_1_312' title='bbox 624 4623 643 4663; x_wconf 92' lang='lat' dir='ltr'>a</span> <span class='ocrx_word' id='word_1_313' title='bbox 672 4626 736 4688; x_wconf 87' lang='lat' dir='ltr'>qua</span> <span class='ocrx_word' id='word_1_314' title='bbox 770 4604 911 4668; x_wconf 89' lang='lat' dir='ltr'>alienum</span> <span class='ocrx_word' id='word_1_315' title='bbox 945 4626 1018 4666; x_wconf 89' lang='grc'><strong>611111</strong></span> <span class='ocrx_word' id='word_1_316' title='bbox 1046 4603 1148 4667; x_wconf 85' lang='lat' dir='ltr'>fuisse</span> <span class='ocrx_word' id='word_1_317' title='bbox 1171 4614 1281 4668; x_wconf 84' lang='lat' dir='ltr'>cetera</span> <span class='ocrx_word' id='word_1_318' title='bbox 1313 4615 1345 4668; x_wconf 90' lang='grc'>61</span> <span class='ocrx_word' id='word_1_319' title='bbox 1373 4606 1549 4692; x_wconf 87' lang='lat' dir='ltr'>praecipue</span> 
     </span>
    </p>
   </div>
   <div class='ocr_carea' id='block_1_3' title="bbox 0 0 1784 5709">
    <p class='ocr_par' dir='ltr' id='par_1_3' title="bbox 0 0 1784 5709">
     <span class='ocr_line' id='line_1_40' title="bbox 0 0 1784 5709; baseline 0 2"><span class='ocrx_word' id='word_1_320' title='bbox 0 0 1784 5709; x_wconf 95' lang='lat' dir='ltr'> </span> 
     </span>
    </p>
   </div>
  </div>
 </body>
</html>
