3559 5709
806 696 838 751 Μ.
863 694 1002 752 ransart
1025 692 1186 749 VARRONIS

526 957 633 1037 Quam
666 958 874 1045 sympathian
909 854 1090 1023 lubbilsssld
1121 956 1233 1022 oculos
1266 955 1454 1022 haberent?
1490 955 1568 1042 quid

439 1059 610 1144 inguinum
631 1061 816 1140 interesset,
837 1081 974 1145 puerum
996 1081 1069 1122 curn
1092 1080 1198 1121 essem
1220 1057 1470 1143 deuirginatum
1493 1081 1567 1121 usu-

442 1183 509 1242 rus,
533 1183 574 1224 an
597 1160 689 1225 uoltu
713 1151 730 1223 ὁ
753 1162 837 1243 ἔρως
859 1160 1043 1248 appareat?
1067 1163 1088 1241 †
1110 1158 1187 1223 dum
1209 1160 1330 1243 cogito.

824 1373 930 1442 narr
961 1372 1202 1442 rnrrrnor

960 1484 977 1548 Ι
1000 1483 1048 1569 (1)

527 1602 718 1667 Macrobius
742 1601 875 1667 Saturn.
898 1602 953 1667 III
969 1609 1056 1687 12,2
1080 1600 1252 1665 ‘Testatur
1274 1600 1373 1665 etiam
1395 1600 1441 1665 M.
1458 1600 1566 1685 Varro

408 1705 477 1776 5in
499 1727 538 1768 ea
560 1715 685 1785 satura,
707 1725 791 1790 quae
814 1703 1004 1768 inscribitur
1027 1698 1104 1784 περὶ
1126 1700 1308 1783 κεραυνοῦ,
1323 1703 1468 1768 maiores
1493 1702 1566 1766 soli-

442 1816 492 1871 tos
516 1806 676 1869 decimam
698 1804 835 1869 Herculi
866 1817 987 1871 uouere
1016 1826 1077 1868 nec
1099 1804 1211 1888 decem
1234 1802 1306 1868 dies
1334 1803 1565 1885 intermittere,

442 1908 521 1992 quin
541 1906 744 1993 pollucerent
766 1929 804 1971 ac
826 1906 982 1993 populum
998 1897 1195 1989 ἀσύμβολον
1212 1927 1291 1968 cum
1312 1927 1438 1971 corona
1454 1905 1568 1969 laurea

443 2008 645 2073 dimitterent
666 2008 837 2075 cubitum?

530 2244 718 2309 Conlisione
740 2246 877 2311 nubium
899 2145 1198 2330 fullglrtl3ltonirrua
1219 2245 1361 2331 fulguris
1386 2270 1407 2309 a
1428 2246 1568 2311 fulmine

394 2358 527 2422 morta.
1466 2367 1468 2372 ·

345 2543 360 2578 ⁴
445 2538 582 2587 -Varro
604 2534 669 2601 περὶ
694 2527 837 2600 ἐξαγωγῆς
862 2535 1045 2601 (siccasse
1063 2537 1208 2603 LW)...'
1271 2538 1309 2589 VI
1327 2538 1437 2589 Nonius
1456 2540 1518 2599 458,
1535 2541 1565 2588 21

444 2606 617 2670 ‘Virgines
635 2620 690 2654 non
707 2605 795 2652 solum
814 2605 935 2655 feminae
954 2605 1090 2661 dicuntur,
1108 2622 1205 2655 uerum
1223 2607 1308 2656 etiam
1325 2607 1406 2671 pueri
1422 2608 1567 2667 inberbcs;

445 2689 509 2721 nam
533 2677 561 2721 et
584 2672 738 2735 quicunque
768 2688 801 2721 ex
829 2674 944 2738 ephebis
968 2679 1139 2737 excesserat,
1164 2673 1381 2739 deuirginari
1407 2674 1565 2725 dicebatur.

443 2741 532 2790 Varro
550 2737 615 2803 περὶ
634 2732 779 2804 ἐξαγωγῆς
798 2738 972 2807 (Euporum
991 2742 1026 2792 W
1044 2740 1199 2808 ξατωτης
1216 2741 1304 2806 BHL)
1318 2779 1323 2790 .
1337 2778 1343 2791 .
1358 2746 1378 2791 0’

512 2808 603 2857 HERI
621 2806 832 2860 ΚΕΡΑΤΝΟΤ.
869 2810 1087 2875 superstitiones
1105 2810 1139 2858 ad
1157 2810 1269 2874 fulgura
1285 2809 1478 2874 pertinentes,
1497 2825 1564 2875 quae

443 2878 607 2943 peregrinae
626 2880 706 2925 erant
728 2891 762 2924 ex
783 2878 897 2926 Etruria
916 2878 1039 2941 ascitae,
1062 2877 1185 2927 naturali
1207 2878 1303 2927 harum
1326 2893 1418 2926 rerum
1444 2878 1563 2943 explica·

443 2945 518 3005 tione
537 2943 588 3009 (fg.
600 2944 639 3007 II)
658 2943 751 2994 delere
770 2944 870 2997 studet.
907 2945 949 2994 Ad
967 2946 1106 2996 actionem
1123 2950 1236 2995 saturae
1254 2945 1352 3010 fg.111
1370 2946 1509 3011 pertinet;
1526 2947 1564 2995 in-

443 3017 547 3063 certum
566 3017 608 3062 est
625 3013 658 3062 de
676 3013 714 3078 fg.
728 3013 750 3062 I.
802 3013 816 3062 I
835 3012 877 3065 cf.
890 3013 1031 3064 Prellerus
1048 3013 1161 3077 mythol.
1179 3014 1255 3066 Rom.
1274 3030 1299 3078 p.
1313 3014 1363 3063 652
1376 3029 1418 3078 sq.
1473 3013 1564 3064 lirio-

444 3082 507 3130 nius
524 3083 567 3144 28,
587 3083 619 3131 15
646 3080 815 3144 ‘Fulgura
833 3081 962 3130 dicuntur
980 3082 1188 3131 coruscationes
1207 3098 1223 3131 a
1240 3080 1357 3146 fulgore.
1393 3083 1486 3131 Varro
1503 3078 1563 3143 trapi

444 3146 586 3212 κεραυνοῦ
605 3148 816 3212 (κορασυνοο
838 3150 938 3211 HLW)
953 3190 959 3203 .
974 3185 981 3199 .
995 3154 1014 3199 .'
1056 3149 1098 3202 Cf.
1119 3150 1232 3199 Seruius
1254 3150 1376 3199 in-Aen.
1395 3149 1562 3212 142‘12115-

445 3217 531 3278 sicos,
551 3216 598 3280 qui
615 3215 724 3276 dicunt,
748 3216 888 3266 collisione
913 3218 1026 3267 nubium
1045 3217 1149 3267 fulmen
1168 3216 1278 3267 creari.’
1313 3217 1438 3267 Isidorus
1457 3217 1491 3267 de
1508 3222 1561 3267 nst.

445 3299 496 3332 rer.
517 3286 549 3333 10
578 3284 711 3333 ‘Nubium
731 3284 831 3334 adtritu
850 3285 967 3335 fulmina
984 3289 1156 3338 nascuntur.’
1177 3285 1332 3335 —Plinius
1350 3286 1382 3334 ΙΙ·
1399 3287 1450 3335 142
1486 3281 1560 3336 ‘Ful-

446 3356 552 3417 getrum
579 3352 654 3416 prius
683 3353 760 3402 cerni
787 3367 867 3417 quam
885 3354 1015 3403 tonitrum
1042 3354 1181 3403 audiri-
1203 3359 1308 3403 certum
1328 3357 1392 3408 est!
1432 3352 1479 3403 Cf.
1496 3367 1560 3418 quae

450 3597 459 3644 l
486 3595 663 3667 sympathiam
684 3594 788 3650 Iunius
822 3595 995 3669 symphorian
1020 3585 1173 3674 BHLW}
1201 3594 1285 3651 lumbi
1313 3594 1346 3650 ad
1367 3594 1486 3667 Lipsius
1504 3599 1557 3650 out.

446 3680 519 3732 lectt.
536 3678 599 3732 lvo
621 3678 707 3734 lubiat
721 3681 788 3735 libri
813 3680 943 3736 lubidinis
964 3681 1036 3737 oculi
1057 3680 1161 3736 iunius
1183 3672 1189 3759 Ι
1246 3685 1262 3733 2
1283 3681 1429 3753 inguinum
1451 3681 1557 3752 Lipsius

448 3765 586 3835 imagnum
603 3765 631 3818 B
652 3765 797 3837 imaginem
813 3765 846 3820 Η
858 3784 894 3824 m.
905 3782 955 3835 pr.
979 3766 1127 3838 imaginum
1143 3764 1176 3819 H
1189 3782 1223 3820 m.
1241 3779 1264 3820 s.
1281 3764 1351 3820 LW
1370 3782 1501 3840 magnum
1514 3763 1555 3821 lu·

446 3850 511 3903 nius
526 3839 540 3926 Η
554 3850 671 3904 intereat
686 3849 714 3903 B
727 3840 742 3929 ll
757 3867 872 3923 puerum
884 3867 945 3905 cum
960 3852 1067 3920 scripsi
1086 3858 1247 3924 puerutrum
1259 3850 1326 3905 libri
1345 3867 1464 3923 puerum
1475 3858 1559 3915 uuum

445 3934 549 3989 Iunius
563 3924 578 4012 ll
592 3950 679 3989 essem
700 3934 810 4005 Popma
839 3953 900 3992 esse
921 3936 989 3991 libri
1013 3943 1088 3991 esset
1107 3935 1210 3991 Iunius
1224 3924 1239 4013 ll
1260 3951 1359 3990 usuras
1380 3926 1439 4015 ΒΗ
1495 3938 1557 3990 tau

447 4031 743 4092 monucepurcacpurus
775 4020 905 4075 BHLW
957 4037 989 4075 an
1021 4012 1250 4094 μονορέροντας,
1290 4036 1393 4093 pueros
1427 4021 1558 4077 oehlerus

448 4105 456 4131 ‘
465 4103 542 4170 Quid
556 4106 678 4159 uoluerit
700 4104 793 4160 Varro
809 4108 919 4171 nescim
942 4106 1012 4176 quid
1026 4106 1150 4161 noluerit
1164 4103 1234 4160 scio'
1251 4102 1382 4176 Sculiper
1397 4110 1471 4161 teste
1492 4102 1558 4161 Vui-

447 4191 510 4244 ieno
521 4205 553 4258 p.
570 4192 628 4244 210.
660 4190 722 4261 Epo
737 4192 933 4247 coniecturum
953 4205 1045 4245 meum
1062 4190 1219 4261 proposui·
1241 4190 1281 4244 uri
1295 4193 1558 4260 praesentiantur

445 4276 476 4328 in
491 4273 675 4349 apparentes.
698 4273 804 4346 Serap.
820 4275 875 4331 XVl
896 4275 970 4332 Bim.
986 4275 1052 4330 XXV
1068 4273 1154 4346 Cyon.
1170 4274 1200 4330 ll.
1226 4275 1282 4345 Ep.
1304 4275 1344 4329 ud
1362 4273 1483 4331 Murali.
1498 4275 1532 4331 oi.
1546 4266 1557 4350 ll

447 4359 511 4413 ilum
533 4360 625 4433 cogito
647 4360 727 4420 libra·
750 4362 819 4416 lutet
839 4362 871 4415 οἱ
886 4359 978 4432 fallor
999 4361 1171 4415 adiecturum
1192 4344 1411 4433 (ουμβολικόςῖ)
1434 4362 1476 4416 ud
1494 4354 1561 4435 ἔρως

446 4446 595 4511 pertineas
615 4435 629 4523 ΙΙ
693 4448 709 4497 5
737 4455 825 4520 satyra
847 4446 917 4501 Greci.
941 4446 1042 4501 Sulisb.
1067 4446 1167 4501 Bumb.
1189 4444 1283 4500 Poris.
1298 4435 1313 4525 ΙΙ
1334 4452 1364 4501 ut
1384 4447 1411 4501 in
1434 4444 1480 4501 Gr.
1499 4460 1562 4516 περι

447 4544 595 4595 κεραυνου
617 4530 688 4585 Gud.
705 4521 720 4609 {l
776 4536 791 4583 7
816 4547 846 4586 ac
866 4548 920 4586 om.
938 4532 1009 4587 Gud.
1026 4530 1127 4586 Bamb.
1151 4529 1284 4586 Cantubr.
1306 4530 1399 4586 Ianus
1412 4522 1428 4611 ΙΙ
1485 4530 1563 4585 tide·

448 4614 587 4668 mitterent
603 4615 698 4669 Puris,
714 4608 727 4692 ΙΙ
784 4619 800 4667 ti
821 4615 972 4673 conlisione
994 4616 1105 4671 nubium
1120 4618 1227 4686 scripsi
1260 4616 1383 4687 cognitio
1398 4618 1470 4672 enim
1486 4618 1564 4671 trium
