3559 5709
328 677 369 743 36
802 684 932 741 CAPVI'
962 685 972 740 l

329 869 429 932 supra
443 848 602 911 nominati
624 848 744 911 mortui
760 858 847 929 sunt,
871 848 912 911 de
928 848 1023 911 annis
1040 848 1298 935 conscriptorum
1315 848 1446 935 logisto-

327 950 469 1012 rieorum
492 971 603 1013 eruere
625 948 750 1034 lieet1).

414 1051 478 1115 Res
502 1051 591 1137 ipsas
622 1073 806 1134 exgenere
839 1047 973 1132 morali,
1007 1050 1166 1132 naturali,
1201 1050 1358 1119 historico
1384 1063 1446 1117 tra-

329 1153 411 1216 ctari
435 1162 467 1216 et
490 1155 592 1217 serias
622 1162 654 1216 et
677 1152 762 1216 serio
790 1152 856 1215 iam
883 1152 1077 1235 memoraui3
1111 1176 1217 1239 neque
1245 1155 1334 1219 inter
1362 1154 1446 1239 frag-

328 1265 437 1319 menta
452 1252 555 1317 ullum
571 1264 673 1334 extat,
698 1254 785 1339 quod
807 1254 958 1317 uersibus
975 1263 1125 1318 constare
1150 1254 1278 1340 (uersus
1295 1258 1446 1342 proprios

329 1379 400 1419 esse
423 1356 588 1420 immixtos
611 1365 782 1442 praeterea
805 1366 838 1419 et
860 1356 969 1441 ipsum
990 1353 1253 1439 logistorieorum
1274 1379 1395 1421 nomen
1416 1367 1448 1422 et

329 1457 464 1523 Catonis
487 1456 657 1543 Laeliique
684 1458 885 1542 comparatio
915 1457 1048 1521 credere
1075 1457 1241 1543 prohibet)
1268 1458 1323 1523 uel
1351 1457 1447 1523 leuis·

329 1561 413 1623 sima
441 1559 607 1624 exoriatur
635 1559 789 1645 suspiti03
824 1558 1010 1645 Roeperum
1038 1568 1147 1623 autem
1173 1560 1229 1644 qui
1256 1570 1294 1625 ut
1316 1560 1447 1645 ingenio

330 1685 387 1726 suo
410 1660 597 1744 indulgeret
618 1659 670 1723 hic
692 1683 820 1746 quoque
841 1682 959 1723 uersus
987 1660 1096 1725 hercle
1118 1683 1216 1747 quam
1239 1685 1359 1726 suaues
1384 1662 1447 1728 sibi

330 1763 492 1846 denegare
514 1785 579 1826 non
601 1761 708 1846 potuit
723 1761 856 1847 (philol.
873 1762 926 1825 IX
946 1769 1008 1829 276
1024 1785 1072 1848 sq.
1095 1783 1204 1848 progr.
1221 1762 1349 1828 (ledan,
1366 1770 1447 1834 1858

329 1863 399 1944 al),
423 1886 443 1927 a
465 1863 663 1949 quibusdam
684 1863 764 1927 uiris
789 1862 894 1928 doctis
918 1864 1093 1949 probatum
1116 1885 1188 1927 esse
1210 1886 1276 1928 non
1298 1865 1370 1928 sine
1392 1865 1447 1929 ad-

328 1966 501 2029 miratione
531 1966 684 2050 comperi.
740 1965 813 2030 Hoc
840 1965 951 2050 potius
984 1965 1050 2028 iam
1078 1964 1254 2028 discrimen
1287 1965 1447 2031 habemus
1482 1982 1485 1989 ’

330 2089 393 2153 quo
416 2089 436 2130 a
458 2068 578 2130 saturis
601 2065 661 2129 hos
683 2065 785 2131 libros
810 2088 1034 2150 segregemus,
1063 2075 1101 2129 ut
1122 2067 1151 2129 si
1173 2067 1261 2152 quod
1283 2065 1447 2152 fragmen-

330 2180 399 2232 tum
422 2169 573 2233 uersibus
597 2177 740 2249 constet,
771 2166 970 2252 logistoricis
992 2191 1058 2232 non
1085 2168 1191 2253 possit
1218 2169 1312 2251 addi3
1345 2192 1448 2255 quare

330 2269 513 2333 Mercklino
536 2269 558 2334 l.
575 2292 602 2334 e.
619 2270 690 2334 XII
711 2293 744 2356 p.
761 2278 822 2340 394
846 2269 1053 2354 Agatlronem
1076 2279 1108 2333 et
1123 2271 1362 2334 Parmenonem
1384 2270 1448 2334 huc

329 2372 539 2436 transferenti
561 2372 714 2436 assentiri
734 2393 799 2434 non
821 2394 1005 2458 possumus.
1049 2371 1199 2436 Alterum
1214 2373 1392 2436 discrimen
1407 2395 1449 2436 ex

330 2475 488 2539 sermonis
517 2473 626 2539 indole
655 2496 835 2554 sumemus,
870 2475 1020 2559 quoniam
1049 2495 1260 2560 quaeeunque
1281 2474 1393 2539 iocose
1415 2483 1449 2538 et

329 2575 450 2640 festiue
485 2575 574 2638 diota
603 2575 909 2661 deprehenduntur,
944 2598 982 2639 ea
1009 2575 1204 2660 logistorieis
1231 2576 1340 2639 minus
1369 2585 1449 2661 apta

330 2700 402 2741 esse
424 2676 658 2760 iudicauimus3
691 2699 752 2742 nee
780 2686 892 2741 tamen
919 2677 1006 2741 omni
1028 2699 1162 2741 numero
1191 2689 1317 2742 eertum
1340 2685 1391 2741 est
1411 2675 1448 2739 id

415 2918 439 2983 1)
459 2919 649 2968 Laudationes
662 2920 796 2969 Varronis
815 2935 882 2984 quas
901 2919 998 2968 Cicero
1013 2919 1097 2972 head.
1117 2920 1130 2967 Ι
1148 2922 1173 2981 ⁶2,
1192 2921 1208 2968 8
1226 2919 1268 2967 ita
1287 2918 1380 2966 affert:
1400 2918 1447 2967 ‘Et

329 3012 412 3054 tamea
430 3006 455 3053 ia
473 3002 600 3054 ueteribus
619 3005 725 3061 nostris,
745 3020 809 3069 qaae
828 3003 976 3067 Menippum
994 3003 1096 3060 imitati,
1122 3019 1171 3053 noa
1189 3005 1366 3067 interpretati,
1385 3019 1447 3067 qua·

330 3092 387 3138 dam
405 3090 535 3138 hilaritate
554 3091 750 3150 conspersimas,
774 3091 850 3137 metita
873 3091 988 3137 rcdmiata
1007 3103 1042 3136 ea
1062 3090 1149 3146 intima
1169 3089 1345 3153 philosophie,
1369 3090 1446 3136 multa

331 3175 401 3222 dieta
419 3174 564 3230 dialectice,
584 3187 697 3235 quaeque
716 3187 764 3236 quo
780 3172 884 3233 sacilias
901 3175 980 3221 minus
998 3174 1068 3222 docti
1085 3154 1272 3236 intellegerent,
1291 3174 1446 3222 iucunditate

331 3259 439 3321 quartam
457 3259 493 3306 ad
509 3257 638 3320 lepeaclurn
656 3254 779 3304 inuitati*
799 3258 830 3303 ia
849 3258 1103 3315 laudationibus,
1123 3260 1149 3306 ia
1166 3259 1205 3307 his
1227 3260 1291 3322 ipsis
1309 3259 1446 3323 antiquita·

332 3349 379 3390 tam
396 3343 535 3406 prooemiis
550 3340 729 3404 philosophiae
746 3340 860 3389 seribere
878 3343 1012 3399 noluimus,
1031 3345 1054 3390 si
1070 3345 1143 3392 modo
1161 3345 1291 3391 consecuti
1306 3345 1400 3392 sumus’
1415 3368 1445 3376 —

331 3427 380 3476 has
405 3427 490 3492 igitur
512 3425 688 3475 laudationes
706 3425 865 3475 Krahnerus
889 3425 906 3478 l.
927 3443 950 3477 c.
970 3442 994 3489 p.
1016 3429 1055 3477 12.
1086 3428 1163 3479 Varr.
1185 3426 1266 3475 Curio
1289 3442 1316 3490 p.
1338 3429 1368 3476 17
1392 3441 1446 3475 non

332 3526 392 3559 esse
411 3510 534 3560 diuersas
558 3511 679 3560 affirmat
702 3527 718 3560 a
741 3511 918 3575 logIstorieis.
955 3511 1075 3572 Quorum
1099 3527 1159 3560 cum
1176 3512 1270 3575 Pium,
1291 3511 1445 3572 Sisennam,

333 3592 478 3643 Curionem
496 3594 686 3645 laudationum
705 3612 816 3646 munere
835 3597 943 3645 functos
966 3611 1020 3644 non
1044 3597 1080 3645 sit
1103 3596 1281 3660 incredibile,
1304 3595 1447 3660 haudqua-

332 3694 412 3742 quam
430 3683 524 3727 tamen
543 3695 577 3727 ea
595 3695 648 3728 uox
666 3681 695 3728 in
713 3681 830 3729 Marium
853 3681 899 3729 uel
917 3680 1050 3729 Scaurum
1068 3681 1173 3730 adeone
1193 3681 1319 3730 Orestem
1344 3680 1446 3730 eadere

331 3768 431 3827 potest.
469 3762 523 3812 Sed
547 3765 656 3812 omnino
681 3765 822 3812 Ciceronis
845 3764 894 3813 ille
919 3766 1013 3815 uerbis
1037 3767 1105 3830 ipsis
1128 3765 1278 3827 refellitur,
1308 3781 1388 3829 quem
1411 3780 1446 3814 ne
1493 3779 1495 3782 ’

331 3850 418 3898 Varro
442 3847 489 3897 ille
517 3839 612 3905 δεινὸς
636 3838 722 3912 ἁνήρ,
751 3849 828 3896 euius
852 3850 885 3898 de
912 3851 1031 3900 minimis
1060 3852 1142 3900 rebus
1166 3851 1292 3914 querelas
1317 3851 1447 3899 formidat

332 3930 407 3997 (epp.
433 3932 467 3980 ad
486 3933 541 3984 Att.
561 3934 629 3981 XIII
653 3933 697 3990 25,
717 3931 757 3996 3),
785 3935 813 3981 in
836 3934 877 3983 his
903 3935 981 3984 libris
1006 3935 1111 4001 aliquid
1133 3936 1260 3984 inueniat
1284 3934 1446 3984 offensionis

333 4018 412 4065 anxie
428 4031 539 4065 curasse
552 4017 689 4078 nidemns3
704 4019 787 4067 certis
800 4019 884 4083 igilur
897 4021 979 4083 hunc,
994 4037 1055 4070 curn
1068 4021 1199 4070 Varronis
1212 4021 1297 4070 IIbros
1310 4019 1446 4083 laudaret,

331 4102 486 4150 nominibus
511 4105 538 4150 et
556 4101 701 4151 intellectu
724 4101 853 4154 facilibus
876 4106 918 4154 uti
941 4110 1155 4156 consentaneum
1180 4109 1235 4167 est,
1260 4103 1356 4168 qualia
1382 4107 1447 4153 sunt

331 4190 340 4215 ‘
344 4201 377 4235 ea
391 4187 489 4251 quibus
498 4187 656 4252 Menippum
668 4192 713 4237 est
725 4188 858 4239 imitatus’
873 4194 902 4240 et
914 4192 1065 4255 ‘prooemia
1078 4191 1293 4255 antiquitatum’.
1312 4190 1446 4238 Fortasse

332 4271 423 4318 extttit
441 4287 541 4321 reuera
558 4271 778 4336 logistorieorum
796 4289 895 4322 nomen
913 4275 941 4323 in
959 4274 1075 4339 lacuna,
1100 4291 1181 4340 quam
1204 4278 1265 4341 post
1287 4289 1385 4324 vocem
1407 4276 1446 4324 in-

330 4357 405 4404 uitati
427 4356 529 4419 primus
549 4355 729 4406 casaubonus
753 4357 786 4406 de
805 4361 857 4406 sat.
876 4373 952 4421 poes.
973 4359 1020 4411 Gr,
1040 4363 1068 4406 et
1085 4360 1161 4410 Rom.
1181 4360 1267 4408 satira
1286 4376 1311 4422 p.
1331 4361 1381 4408 202
1401 4359 1447 4408 de-

331 4439 409 4491 texit.
445 4440 634 4491 Laudationes
654 4446 746 4491 antem
765 4444 837 4490 Inter
855 4442 1008 4491 orationum
1028 4443 1110 4492 libros
1130 4445 1208 4492 XXII
1227 4445 1262 4493 ab
1277 4444 1446 4507 Hieronymo

332 4529 555 4575 commemoratos
575 4528 792 4577 commodissime
811 4532 947 4590 ponentur
966 4542 1026 4575 cum
1043 4527 1196 4577 Ritschelio
1215 4530 1233 4578 I.
1253 4547 1277 4582 e,
1296 4547 1322 4594 p.
1336 4531 1387 4578 496
1406 4545 1446 4593 sq.
