3559 5709
328 702 370 766 60
798 702 927 759 clevi
953 703 975 758 ll

329 894 400 936 eam
424 892 522 956 quam
543 870 624 933 haec
646 867 716 932 fere
738 867 824 932 ultro
844 867 1076 929 nanciscuntur
1097 862 1292 930 facilitatem
1314 862 1443 949 saepius

329 995 427 1060 quam
455 971 583 1037 duobus
617 971 663 1055 (u.
693 970 798 1055 supr.)
832 967 1024 1053 fragmentis
1058 967 1220 1053 praebet?
1256 964 1445 1030 rudiuseula

331 1075 416 1139 enim
439 1082 515 1137 sunt
531 1072 668 1136 Eumen.
684 1070 814 1136 XXVI.
839 1069 986 1135 XXVII.
1009 1069 1157 1155 Marcop.
1173 1068 1219 1132 II.
1243 1066 1367 1152 Sexag.
1383 1065 1442 1132 XI.

330 1175 560 1242 Sotadicorum
583 1172 703 1238 deinde
724 1194 998 1237 uersuum-usum
1021 1193 1063 1235 ex
1078 1170 1165 1235 Enni
1181 1169 1305 1234 saturis
1321 1178 1356 1233 et
1370 1167 1445 1233 Sota

301 1263 468 1365 'Attique
491 1274 717 1341 Sotadicorum
744 1273 837 1339 libris
867 1296 887 1337 a
909 1271 1017 1339 Gellio
1048 1272 1098 1337 VI
1121 1281 1156 1355 9,
1186 1278 1226 1340 16
1258 1269 1444 1335 memoratis

334 1383 431 1467 (quos
453 1377 543 1443 nullo
566 1375 663 1443 modo
687 1398 760 1441 cum
781 1376 853 1441 Atti
867 1372 1087 1440 Didascalicis
1110 1372 1356 1458 coniungendos
1377 1394 1446 1436 esse

334 1480 398 1546 alio
420 1479 490 1545 loco
512 1478 715 1564 monstrabo)
740 1478 803 1544 sibi
826 1477 975 1568 sumpsit,
999 1498 1079 1562 quos
1101 1498 1217 1541 uersus
1239 1473 1360 1540 Italica
1380 1474 1446 1560 qui·

331 1584 405 1648 dem
431 1582 528 1646 metri
555 1580 703 1663 licentia,
737 1580 914 1645 uerborum
942 1587 1051 1643 autem
1078 1577 1189 1665 lepore
1217 1585 1250 1641 et
1275 1584 1447 1641 uenustate

309 1685 420 1776 xomni
444 1706 486 1747 ex
507 1691 601 1770 parte
623 1680 799 1746 laudandis
824 1680 1005 1746 constituit.
1050 1680 1232 1744 Rarissime
1247 1687 1361 1744 autem
1376 1695 1447 1741 cum

328 1786 435 1874 poetis
457 1784 540 1849 facit
555 1784 729 1848 neotericis
746 1783 1047 1849 Alexandrinorum
1070 1780 1220 1868 exempla
1241 1780 1447 1846 imitantibus

333 1888 381 1972 (et
402 1886 587 1950 mirandum
616 1886 748 1971 quidem
770 1895 836 1967 est,
866 1907 940 1949 eum
962 1906 1106 1970 unquam
1135 1883 1200 1947 hue
1222 1904 1258 1947 se
1279 1881 1446 1967 uertisse);

331 2011 435 2075 neque
458 1997 566 2053 tamen
587 1986 948 2073 hendecasyllaborum,
972 1986 1281 2066 choriambicum,
1310 1982 1448 2048 aliorum

330 2112 530 2176 usumquos
553 2090 665 2174 paucis
688 2089 768 2154 locis
798 2087 990 2154 adhibuisse
1019 2110 1093 2152 eum
1120 2086 1287 2168 uidemus,
1317 2083 1449 2150 aliunde

332 2192 484 2256 deriuare
505 2190 592 2256 licet.

416 2293 488 2358 Hoc
511 2294 576 2357 iam
599 2301 753 2380 apparet,
776 2290 971 2373 Varronem,
995 2292 1051 2378 qui
1074 2290 1205 2377 quidem
1226 2291 1450 2356 Romanorum

331 2404 403 2461 erat
436 2395 667 2476 doctissimus,
704 2416 768 2458 non
806 2403 916 2457 autem
949 2402 1121 2479 poetarum
1151 2391 1449 2477 ingeniosissimus

332 2497 556 2584 exemplorum
590 2496 795 2582 potissimum
827 2495 1014 2582 frequentia
1045 2495 1080 2558 in
1110 2494 1308 2560 carminibus
1343 2491 1450 2557 multi-

331 2600 469 2664 formem
498 2597 613 2661 fuisse.
664 2597 870 2683 Quamquam
898 2597 1001 2682 igitur
1029 2597 1190 2661 sinceram
1220 2594 1310 2659 illam
1338 2594 1452 2680 ingeni

331 2701 415 2781 uim,
448 2721 547 2764 uerae
580 2720 717 2785 poeseos
751 2699 961 2779 creatricem,
995 2698 1139 2764 abnuere
1166 2696 1311 2763 Varroni
1345 2696 1452 2763 coacti

332 2824 456 2884 sumus,
479 2810 670 2866 nontamen
692 2824 731 2866 ea
746 2823 797 2865 res
813 2802 909 2866 nobis
924 2801 1122 2887 persuadere
1145 2808 1265 2886 potest,
1287 2807 1325 2863 ut
1342 2800 1451 2863 uirum

332 2906 387 2970 cui
414 2914 446 2969 et
474 2926 589 2969 sensus
618 2912 689 2968 erat
716 2905 847 2969 innatus
876 2925 939 2990 quo
961 2902 1132 2968 Musarum
1161 2899 1352 2989 dulcedines
1380 2923 1451 2987 per-

332 3008 471 3094 ciperet,
508 3027 589 3092 quas
624 3005 672 3071 ita
700 3004 877 3093 alloquitur
914 3007 1059 3070 ‘Demitts
1091 3010 1173 3070 aeris
1202 3005 1326 3084 pectere
1360 3023 1452 3068 eurus

331 3109 425 3174 contri
447 3119 591 3186 castaque
607 3110 712 3187 poest'
738 3108 911 3192 (Parmeno
935 3107 1037 3193 XII),
1061 3107 1180 3193 quique
1203 3104 1349 3169 externis
1372 3109 1451 3170 artis

333 3207 559 3275 instrumentis
575 3208 711 3273 dextero
728 3217 760 3272 et
776 3207 899 3273 sollerti
915 3209 1024 3273 animo
1039 3209 1088 3275 uti
1102 3207 1220 3294 potuit,
1243 3206 1452 3292 Roeperiano

334 3333 424 3376 more
447 3308 606 3396 quidquid
627 3310 663 3372 in
683 3309 822 3375 buccam
846 3311 876 3374 ei
889 3311 1017 3376 uenerit
1032 3310 1214 3375 dementem
1227 3309 1263 3373 in
1277 3296 1453 3393 longarum

335 3412 549 3499 breuiumque
573 3410 775 3498 syllabarum
791 3413 1008 3500 quodcunque
1026 3411 1201 3478 artificium
1222 3410 1371 3495 coegisse
1394 3431 1452 3495 pu-

334 3526 452 3580 temus.
498 3513 565 3579 sed
587 3524 714 3597 tamen,
743 3514 820 3579 licet
843 3515 989 3580 carmina
1010 3537 1030 3578 a
1051 3513 1202 3579 Varrone
1222 3513 1377 3598 inspersa
1397 3535 1453 3577 ne·

333 3637 498 3702 quaquam
527 3616 592 3679 sint
619 3615 874 3699 contemnenda,
908 3615 1011 3682 multo
1039 3625 1147 3681 tamen
1173 3612 1394 3700 praeferenda
1420 3623 1454 3679 et

332 3716 554 3802 praestantior
576 3726 627 3781 est
649 3717 753 3782 altera
775 3707 977 3783 ‘hilaritatis’
1007 3718 1048 3783 ad
1070 3720 1177 3804 ipsum
1200 3709 1332 3781 saturae
1356 3737 1454 3801 argu-

333 3826 479 3884 mentum
501 3816 676 3902 legendum
699 3818 872 3885 inuitantis
895 3842 989 3906 pars,
1018 3842 1102 3906 quae
1129 3817 1274 3905 pedestri
1303 3837 1454 3881 sermone

332 3920 536 3985 narrationes
560 3918 774 4008 dialogosque
796 3921 906 3986 faceta
928 3944 1002 3986 eum
1023 3921 1207 3986 festiuitate
1228 3919 1432 3985 continebat.

291 4009 298 4022 ⁸
418 4021 491 4087 Iam
513 4020 645 4087 tandem
668 4033 705 4088 ut
728 4021 857 4108 singula
871 4022 1070 4109 perlustrare
1086 4021 1275 4107 adgrediar,
1299 4020 1366 4086 duo
1380 4043 1455 4087 esse

333 4128 520 4210 fragmenta
541 4124 758 4210 praefandum
781 4124 882 4207 duco,
907 4147 991 4211 quae
1013 4125 1164 4190 uersibus
1188 4131 1340 4189 constare
1363 4134 1456 4190 certa

333 4226 519 4294 testimonia
542 4235 672 4291 extant:
704 4223 780 4309 περὶ
802 4224 993 4309 ἐδεσμάτων
1020 4226 1067 4311 fg.
1090 4226 1108 4290 I
1130 4224 1268 4291 senariis
1290 4225 1455 4313 composi-

333 4337 413 4410 tum,
437 4328 526 4416 quod
549 4328 681 4417 quidem
695 4351 767 4420 *non
783 4330 851 4394 suis
867 4329 979 4395 uerbis
996 4352 1016 4393 a
1031 4326 1138 4395 Gellio
1153 4327 1204 4392 VI
1221 4335 1261 4397 16
1284 4335 1455 4393 seruatum

335 4487 536 4498 ——-.-..

334 4566 440 4634 Σκιαμ.
458 4568 515 4621 111:
534 4574 583 4607 ‘-
599 4572 704 4635 parebis
722 4571 817 4636 legibus
835 4586 869 4619 aa
886 4572 969 4620 non?'
989 4570 1026 4623 of.
1046 4569 1132 4621 Serm.
1149 4570 1176 4620 11
1195 4572 1226 4631 3,
1244 4566 1309 4618 260:
1329 4569 1395 4633 ‘opit
1410 4568 1456 4618 ubi

333 4669 426 4713 secum,
445 4661 489 4704 eat
505 4671 540 4704 aa
557 4660 639 4711 norst
658 4656 731 4712 115.
750 4655 782 4704 59
802 4652 848 4703 all.
