3559 5709
801 712 930 768 CAPVT
953 714 962 768 l

574 884 623 945 48.
647 873 790 961 Cynicus

573 985 623 1045 49.
646 977 827 1055 Κυνίστωρ

572 1087 622 1147 50.
645 1069 995 1161 ΚυνοδιδοισκοιλικόςΙ

572 1189 622 1248 51.
646 1176 886 1263 Κυνορρήτωρῇ

572 1289 623 1351 52.
652 1273 748 1364 Ταφὴ
771 1282 966 1344 Μενίππου.

413 1382 541 1462 Quibus
565 1380 650 1446 addo
673 1383 920 1469 inscriptionem
942 1403 962 1445 a
983 1405 1034 1446 me
1057 1382 1257 1447 restitutam:

573 1493 624 1554 53.
647 1482 862 1569 Plautocyon.

409 1581 555 1667 Deinde,
585 1587 738 1671 quoniam
766 1586 917 1651 uersibus
946 1584 1276 1671 pseudotragoedias,
1310 1585 1441 1671 logisto-

323 1686 410 1752 ricos
433 1709 533 1772 prosa
561 1688 709 1752 oratione
737 1688 896 1753 contineri
926 1687 992 1752 iam
1020 1686 1164 1768 ostendi,
1199 1686 1323 1769 omnia,
1358 1708 1442 1773 quae

324 1787 492 1852 continent
513 1789 700 1875 fragmenta
721 1789 888 1876 pedestria
910 1787 1007 1854 simul
1029 1811 1103 1853 cum
1124 1787 1258 1874 poeticis
1284 1787 1333 1870 (id
1354 1788 1443 1873 quod

323 1889 526 1974 argumentis
542 1913 600 1976 per
622 1890 753 1976 singula
775 1892 960 1976 fragmenta
981 1891 1016 1954 in
1032 1889 1135 1955 altero
1151 1891 1259 1976 capite
1274 1889 1442 1954 confirma-

321 1989 446 2075 bitur),
475 1991 560 2056 inter
591 2002 718 2058 saturas
741 1992 895 2059 habenda
917 1993 1010 2058 duco.
1053 1992 1129 2056 Huc
1157 2002 1190 2057 et
1216 2013 1354 2077 magnus
1384 2013 1441 2054 nu-

322 2115 434 2157 merus
451 2116 562 2157 earum
576 2094 719 2179 pertinet
733 2116 813 2180 quas
829 2095 895 2157 iam
910 2095 1110 2172 enumerem,
1134 2104 1166 2158 et
1179 2104 1350 2179 praeterea
1364 2092 1439 2156 hae:

573 2205 624 2264 54.
647 2196 778 2282 Agatho

571 2296 832 2383 sangenon>

572 2407 622 2469 56.
645 2398 842 2465 Andabatae

572 2512 623 2572 57.
647 2501 819 2566 Bimarcus

571 2612 620 2675 58.
645 2603 871 2689 Endymiones

572 2716 623 2776 59.
646 2704 843 2770 Eumenides

571 2814 622 2877 60.
645 2800 996 2890 Γεροντοδιδάσκαλος

572 2918 623 2979 61.
646 2907 765 2974 Γνῶθι
788 2908 935 2975 σεαυτόν

573 3019 623 3080 62.
646 3010 806 3075 Hercules
829 3021 919 3075 tuam
942 3009 1040 3074 fidem

574 3121 624 3182 63.
647 3113 719 3177 Lex
741 3113 872 3177 Maenia

571 3223 622 3284 64.
645 3215 776 3278 Manius

573 3324 623 3386 65.
646 3315 813 3401 Marcipor

571 3426 621 3488 66.
644 3416 803 3502 Meleagri

571 3527 621 3589 67.
644 3518 776 3583 Medius

572 3629 623 3690 68.
646 3619 806 3706 Mysteria

571 3730 622 3793 69.
636 3713 737 3795 'Duos
759 3715 863 3803 λύρας

570 3833 621 3894 76.
643 3825 803 3887 Parmeno

571 3936 620 3995 71.
644 3921 730 4003 Περὶ
754 3922 917 4005 αἶρέσεων

571 4036 621 4098 72.
644 4022 731 4108 Περὶ
753 4024 920 4110 ἐξαγωγῆς

571 4137 622 4200 73.
644 4129 856 4194 Prometheus
879 4129 964 4195 liber

570 4241 621 4300 74.
645 4231 870 4317 Quinquatrus

571 4343 621 4402 75.
645 4332 838 4417 Sexagessis
940 4315 947 4326 ⁸

570 4442 620 4503 76.
643 4433 782 4518 Virgula
805 4434 929 4500 diuina.

407 4533 590 4601 Nonnullae
614 4536 712 4600 etiam
741 4537 971 4624 inscriptiones
1001 4534 1122 4599 saturis
1151 4532 1320 4620 addimus,
1354 4537 1440 4622 quod

318 4636 506 4724 prouerbiis
542 4646 710 4720 constant,
749 4636 865 4724 ¹quales
899 4639 935 4702 in
967 4636 1191 4723 superioribus
1225 4635 1345 4703 multas
1377 4638 1443 4703 iam
