3559 5709
331 699 373 763 64
803 702 932 758 caetu
954 702 974 758 ll

328 887 465 947 mucan
487 874 675 946 capturu’.
704 903 747 914 -
779 864 890 946 Τριοδ.
915 866 1046 942 seruat.
1071 862 1136 928 IV:
1168 868 1357 943 ‘aruspicem
1379 869 1449 927 tri·

329 977 446 1034 stem'.
478 1004 519 1015 -—
546 965 626 1032 ibid.
650 968 696 1032 V:
728 974 931 1031 ‘coruscus
958 970 1068 1043 imber,
1098 972 1178 1030 alto
1205 970 1309 1031 nubilo
1336 970 1452 1030 cumas

328 1077 464 1136 multus
483 1074 637 1150 prendite
659 1075 831 1149 implicatus
852 1073 967 1133 ulbo'.
989 1103 1033 1115 -
1053 1066 1148 1151 Virg.
1171 1066 1238 1132 diu.
1261 1065 1312 1131 II:
1338 1072 1450 1147 ‘pullos

325 1176 600 1248 fritiniuntts'.
628 1207 663 1217 —
688 1169 769 1235 ibid.
793 1168 856 1236 IV:
887 1175 1062 1233 ‘libamenta
1084 1174 1235 1235 caduco
1257 1174 1379 1234 tactus‘.
1409 1206 1450 1216 -

329 1272 410 1338 ibid.
425 1273 472 1337 V:
496 1276 642 1339 ‘uolucris
657 1278 855 1352 pusillos'.
872 1309 913 1318 -
928 1270 1050 1336 Incert.
1064 1270 1111 1335 V:
1136 1276 1346 1336 ‘trisulcae
1361 1273 1451 1347 sores

327 1383 488 1455 qrnues'
518 1384 549 1439 et
578 1380 730 1440 ‘turbines
756 1379 920 1439 turdos’.
943 1411 986 1422 —
1006 1372 1089 1437 ibid.
1112 1371 1215 1438 XIII:
1246 1380 1315 1438 ‘uer
1342 1377 1449 1437 blan-

330 1482 433 1542 dum'
458 1485 491 1541 et
512 1481 666 1557 ‘hospes
688 1481 821 1540 lriruude
844 1475 902 1555 (cf.
925 1474 1007 1540 ibid.
1030 1474 1127 1561 XII).
1149 1512 1192 1521 -—

414 1577 485 1642 Iam
512 1578 597 1642 inter
624 1576 704 1641 haec
732 1576 877 1662 epitheta
909 1575 1013 1643 multa
1046 1585 1124 1641 sunt
1156 1574 1334 1657 uocabula,
1365 1596 1450 1660 quae

329 1681 427 1746 etiam
445 1681 473 1744 si
495 1702 555 1766 per
576 1700 611 1743 se
634 1687 822 1765 spectantur
844 1701 911 1744 non
931 1688 1070 1765 possunt
1092 1678 1157 1742 nisi
1177 1678 1213 1741 in
1233 1677 1362 1763 poetico
1385 1698 1450 1742 ser·

329 1803 426 1847 mone
449 1779 610 1846 adhiberi.
654 1780 861 1866 Quamquam
884 1780 1136 1846 discernendum
1158 1789 1209 1845 est
1229 1778 1315 1845 inter
1337 1778 1450 1845 uarios

329 1883 507 1970 scriptores
530 1882 705 1969 uariasque
727 1892 869 1964 aetates,
899 1905 974 1947 cum
1001 1891 1175 1967 argenteae
1202 1882 1268 1946 iam
1294 1903 1379 1966 quae
1404 1880 1451 1945 di-

330 1986 414 2050 citur
437 1985 554 2051 aetatis
578 1984 753 2071 scriptores
776 1984 946 2071 magisque
969 1984 1069 2049 etiam
1091 1982 1271 2071 Apuleium
1292 1983 1450 2069 posterio-

325 2109 447 2173 resque
474 2087 509 2149 in
537 2086 721 2173 prosarium
748 2107 932 2151 sermonem
965 2084 1067 2151 multa
1101 2086 1281 2172 sumpsisse
1308 2094 1450 2166 constet,

330 2211 414 2275 quae
441 2197 539 2253 antea
566 2188 608 2253 ab
637 2186 694 2253 illo
722 2187 830 2252 aliena
856 2188 999 2253 fuerant.
1054 2187 1113 2253 Sin
1132 2209 1218 2254 uero
1246 2186 1451 2267 Ciceronem,

330 2291 387 2377 qui
409 2289 632 2378 quidem‘ipse
655 2288 884 2356 floridissimus
914 2289 1106 2376 antiquioris
1130 2290 1204 2355 aeui
1226 2289 1368 2375 scriptor
1390 2297 1451 2369 est,

329 2392 496 2478 magisque
524 2391 605 2456 alios
630 2391 809 2477 'scriptores
844 2390 922 2456 inde
951 2400 1099 2456 seruatos
1127 2391 1320 2479 respicimus
1350 2399 1452 2477 atque

330 2494 472 2559 maxime
495 2493 593 2558 etiam
608 2492 768 2558 Varronis
790 2493 895 2579 ipsius
918 2492 1021 2559 libros
1045 2495 1238 2580 superstites
1261 2492 1452 2560 considera·

331 2617 414 2679 mus,
431 2594 536 2681 quiin
551 2594 750 2681 quibusdam
763 2617 872 2659 rerum
887 2596 1083 2660 rusticarum
1098 2596 1247 2683 partibus
1267 2594 1452 2661 iucundum

331 2707 364 2763 et
381 2696 530 2762 uiuidum
553 2705 711 2782 quantum
732 2705 845 2783 posset
867 2719 1051 2764 sermonem
1066 2699 1176 2763 facere
1197 2697 1364 2780 studebat,
1387 2696 1453 2764 hoc

331 2801 443 2866 statim
471 2798 694 2887 experiemur,
718 2798 868 2864 extitisse
889 2798 946 2863 illo
969 2822 1050 2866 aeuo
1078 2799 1254 2864 discrimen
1276 2807 1452 2884 certosque

330 2904 424 2985 fines,
440 2902 558 2989 quibus
573 2910 747 2989 utrumque
770 2901 930 2966 sermonis
953 2923 1056 2986 genus
1080 2910 1320 2987 segregaretur,
1343 2922 1452 2987 neque

330 3005 515 3070 Varronem
537 3012 624 3069 certe
644 3003 747 3069 fuisse
770 3003 826 3090 qui
847 3026 991 3090 unquam
1013 3026 1068 3070 eos
1091 3004 1282 3070 transiliret.
1327 3002 1395 3084 Qui
1418 3013 1453 3067 et

329 3108 399 3193 ipse
421 3104 476 3190 (de
498 3104 611 3190 lingua
634 3105 737 3170 latina
751 3105 783 3169 V
796 3107 830 3191 9)
852 3105 934 3171 haec
957 3104 1055 3170 dicit:
1081 3114 1181 3187 ‘quom
1197 3109 1328 3186 putate
1349 3109 1453 3169 multis

330 3213 431 3273 uerbis
451 3213 550 3286 mauis
578 3214 708 3271 delecter
735 3228 834 3286 quum.
853 3218 940 3286 uter,
971 3215 1105 3288 antiquis
1131 3214 1231 3287 mauis
1257 3217 1343 3271 utur-
1357 3227 1451 3286 quam

331 3317 492 3384 delecter’;
515 3330 616 3395 quare
638 3308 676 3373 fit
696 3318 734 3374 ut
755 3310 883 3395 poetica
905 3310 1009 3374 uerba
1024 3332 1238 3397 quaecunque
1253 3306 1343 3396 apud
1356 3306 1453 3372 illum

329 3412 525 3495 inuenimus,
549 3432 589 3475 ea
609 3410 644 3475 in
663 3410 872 3497 pedestribus
896 3413 1046 3499 partibus
1069 3412 1172 3477 fuisse
1186 3412 1296 3499 posita
1310 3409 1453 3477 firmiter

329 3537 496 3600 negemus.
539 3512 674 3579 Poetica
696 3522 803 3579 autem
827 3512 900 3579 dico
924 3522 956 3579 et
978 3537 1028 3596 ea,
1052 3536 1137 3600 quae
1152 3512 1278 3579 liberae
1292 3511 1453 3600 reipubli-

331 3638 388 3681 cae
410 3625 556 3700 tempore
571 3614 606 3677 in
620 3636 683 3679 usu
698 3625 793 3682 erant
808 3614 886 3681 solis
904 3616 1010 3702 poetis
1027 3624 1059 3679 et
1081 3638 1174 3701 quae,
1193 3615 1221 3680 si
1243 3622 1362 3701 postea
1382 3611 1452 3678 for-

329 3726 420 3781 tasse
442 3715 532 3803 apud
560 3715 728 3801 pedestres
752 3740 880 3804 quoque
909 3719 1084 3804 scriptores
1107 3725 1297 3799 occurrunt,
1326 3739 1345 3782 e
1373 3738 1452 3803 poe-

330 3829 437 3884 tarum
467 3817 650 3882 imitatione
679 3819 767 3905 apud
793 3819 851 3884 hos
879 3819 1053 3906 irrepsisse
1075 3819 1130 3884 uel
1152 3829 1277 3884 certum
1297 3816 1353 3886 uel
1375 3841 1452 3904 pro-

328 3919 440 3988 babile
463 3928 523 3985 est.
567 3920 658 3985 Haee
679 3920 745 3985 iam
768 3944 841 3985 cum
864 3921 926 3986 sim
948 3931 1195 3987 enumeraturus
1224 3920 1345 4006 quibus
1368 3920 1452 3986 locis

330 4023 418 4110 apud
446 4022 629 4087 Varronem
656 4032 785 4105 extent,
819 4022 910 4108 prius
943 4044 1059 4088 moneo
1094 4045 1145 4087 me
1179 4045 1219 4087 ea
1226 4070 1235 4105 ‚
1270 4042 1355 4108 quae
1382 4022 1453 4087 iam

328 4126 414 4192 inter
436 4124 580 4212 epitheta
601 4124 710 4210 posita
732 4133 823 4206 sunt,
846 4125 967 4189 iterum
990 4125 1106 4190 afferre
1130 4123 1228 4189 nolle.

414 4226 516 4292 Abor.
540 4226 586 4290 V:
612 4232 771 4305 ‘aperiens’
794 4249 854 4312 pro
877 4226 1015 4312 spebus3
1038 4226 1138 4293 dictio
1162 4225 1323 4307 sublimis,
1347 4226 1454 4291 Enni·

330 4350 411 4393 anae
434 4328 524 4413 (ann.
546 4350 578 4392 u.
604 4336 674 4397 132.
698 4328 774 4410 410)
798 4329 890 4412 poesi
911 4328 1061 4414 propria3
1090 4320 1217 4393 oiston
1241 4321 1315 4410 λύρ.
1340 4327 1384 4393 V.
1407 4367 1454 4377 -

330 4429 462 4515 Agatho
485 4429 552 4493 III:
578 4435 743 4495 ‘bominem
758 4439 913 4504 seruum’;
936 4436 1089 4494 ‘seruus'
1112 4431 1314 4495 adiectiuum
1335 4440 1453 4516 poeta·

328 4553 402 4596 rum
424 4531 591 4618 proprium
619 4542 669 4596 est
695 4554 800 4618 neque
829 4533 862 4595 in
881 4531 1030 4617 pedestri
1052 4532 1198 4597 oratione
1218 4532 1344 4597 liberae
1366 4532 1453 4620 reip.

329 4645 477 4720 tempore
498 4655 637 4719 usquam
659 4635 813 4701 occurrit.
826 4672 868 4681 -
890 4634 970 4699 ibid.
994 4633 1095 4699 VIII:
1119 4641 1200 4699 cedit
1220 4640 1306 4700 citus.
1341 4632 1452 4700 ‘Citus
