3559 5709
332 673 372 739 78
800 677 931 733 CAPVT
961 678 981 733 ll

330 843 512 907 seiunxerit
538 863 581 905 an
603 841 638 904 in
659 863 757 904 unam
779 861 853 903 cum
879 839 945 903 illis
974 839 1170 905 sententiam
1198 839 1365 908 confluere
1393 844 1448 907 ad·

330 943 465 1008 miserit.
505 944 558 1007 De
580 964 620 1006 ea
641 965 676 1006 re
698 942 823 1027 primus
846 941 993 1007 Kochius
1017 942 1051 1003 in
1073 941 1367 1009 exercitationibus
1390 945 1449 1009 cri·

330 1046 405 1110 ticis
428 1044 562 1109 Bonnae
590 1066 619 1108 a.
645 1052 724 1114 1851
756 1042 853 1107 editis
881 1066 915 1128 p.
939 1052 978 1112 18
1007 1042 1193 1127 opinionem
1220 1042 1376 1129 protulit,
1405 1050 1450 1110 ‘et

330 1153 442 1226 raptim
469 1167 560 1226 saepe
587 1150 625 1209 ab
651 1166 712 1209 uno
740 1166 880 1209 naseam
906 1164 1020 1222 penem
1047 1149 1090 1207 ad
1115 1150 1245 1209 alterum
1280 1152 1449 1211 Varronem

330 1255 463 1313 transire
494 1259 523 1312 et
551 1254 668 1312 mediae
697 1253 833 1310 orationi
861 1252 1000 1326 pedestri
1030 1267 1136 1309 uersas
1167 1253 1212 1310 ita
1244 1254 1387 1321 messere,
1420 1261 1451 1312 ut

330 1356 558 1415 esnaeistarum
578 1355 654 1425 fines
676 1341 796 1413 omnino
818 1369 878 1411 aon
907 1353 1078 1427 respiciat'.
1122 1346 1232 1427 Quam
1255 1349 1451 1414 sententiam

330 1460 502 1537 postquam
524 1448 693 1516 Vahlenus
722 1448 993 1534 Ribbeckiusque
1020 1469 1086 1512 non
1114 1447 1214 1512 semel
1244 1471 1341 1513 suam
1368 1449 1450 1514 fece

288 1529 297 1548 ’
330 1562 419 1634 runt,
443 1552 655 1617 acerbissime
678 1573 698 1614 a
719 1550 759 1614 L.
780 1548 939 1614 Muellero
961 1549 983 1611 l.
1008 1572 1036 1612 o.
1052 1573 1085 1635 p.
1101 1558 1138 1620 81
1164 1571 1234 1636 sqq.
1258 1551 1451 1637 impugnata

330 1662 392 1734 est,
415 1654 471 1739 qui
492 1655 641 1717 insanam
662 1652 746 1715 hanc
767 1652 928 1716 rationem
949 1672 1054 1735 neque
1069 1651 1221 1736 cuiquam
1243 1651 1363 1718 similis
1385 1675 1450 1718 ma-

331 1754 433 1819 teriae
456 1754 609 1839 scriptori
638 1754 766 1819 Graeco
794 1752 956 1817 Latinoue
985 1751 1141 1816 usitatam
1169 1750 1266 1818 dixit
1312 1753 1380 1834 Qui
1401 1754 1452 1817 uir

332 1856 445 1920 doctus
470 1856 498 1918 si
520 1856 656 1919 ‘insitae
679 1854 787 1918 animo
810 1853 1040 1919 uerecundiac'
1066 1852 1114 1937 (p.
1137 1851 1216 1937 444)
1245 1852 1451 1938 diligentiam

331 1957 467 2044 perinde
481 1955 682 2021 laudabilem
698 1956 875 2039 adiungere
890 1953 1062 2035 uoluisset,
1074 1975 1141 2018 non
1155 1955 1204 2019 ita
1217 1976 1339 2040 magno
1355 1975 1449 2041 spero

330 2058 443 2125 labore
466 2057 764 2137 animaduertisset,
786 2056 871 2120 hanc
893 2078 991 2141 quam
1012 2057 1113 2121 tantis
1129 2056 1285 2121 conuitiis
1301 2056 1451 2142 exagitat

331 2160 492 2225 rationem
519 2158 673 2223 Petronio
705 2157 829 2222 ‘similis
862 2158 1021 2222 materiae
1048 2156 1211 2243 scriptori'
1239 2180 1360 2222 reuera
1385 2156 1451 2244 pla·

332 2261 452 2325 cuisse.
505 2260 719 2325 Petronianos
752 2269 861 2324 autem
894 2259 982 2324 locos
1016 2258 1081 2323 huc
1112 2256 1272 2322 facientes
1304 2258 1451 2343 integros

332 2384 495 2449 apponam
515 2383 580 2431 non
602 2384 665 2448 quo
692 2363 801 2425 uirum
827 2370 896 2425 tam
922 2360 1080 2424 eximium
1105 2370 1264 2446 temptem
1285 2382 1354 2425 rem
1378 2359 1451 2425 edo-

333 2486 422 2545 cere,
451 2464 511 2528 sed
531 2473 569 2528 ut
591 2472 749 2547 appareat
770 2462 918 2543 tandem,
948 2451 1136 2526 libertatem
1157 2461 1192 2524 in
1214 2460 1451 2526 conscribendo

330 2565 362 2640 vsi
385 2563 515 2649 quando
539 2563 680 2648 scriptor
700 2565 824 2648 peritus
847 2564 913 2629 sibi
928 2562 1038 2645 sumit,
1054 2584 1120 2627 non
1135 2585 1210 2626 eum
1227 2562 1452 2628 circumscribi

332 2664 460 2748 legibus
483 2664 556 2728 aliis
585 2684 683 2749 quam
705 2686 788 2747 quae
815 2665 888 2749 ipso
916 2663 1145 2749 pulcritudinis
1174 2686 1273 2729 sensu
1305 2666 1453 2730 sancian-

334 2776 397 2830 tur.
434 2765 573 2852 Scripsit
599 2766 701 2849 igitur
728 2766 902 2830 Petronius
925 2788 954 2829 c.
978 2774 1052 2836 108:
1083 2756 1134 2830 ἦ..
1155 2771 1315 2845 protendit
1336 2787 1453 2831 ramam

335 2875 435 2933 oliuae
456 2889 476 2932 e
498 2874 594 2933 tutela
616 2873 736 2948 recipie*
756 2879 879 2947 raptem
901 2880 992 2945 utque
1006 2874 1037 2931 in
1053 2874 1235 2947 colloquium
1248 2875 1356 2932 uenire
1377 2888 1453 2934 arua

334 2972 418 3045 ‘Qez's
436 2974 545 3047 suror’
570 2972 725 3034 esclamrit
745 2972 864 3049 ‘pece'm
886 2971 1039 3034 conuertit
1054 2976 1087 3032 in
1101 2971 1212 3032 erma?
1236 2971 1317 3044 Quid
1330 2972 1456 3035 aourae'

334 3075 471 3136 meruere
492 3072 636 3135 menas?'
654 3092 776 3155 sqq.-
791 3091 818 3133 c.
832 3078 907 3139 128:
933 3078 954 3133 ἢ
972 3117 979 3132 .
996 3077 1187 3148 interrepere
1206 3077 1341 3137 animum
1358 3091 1453 3137 metat

335 3180 435 3251 coepi,
465 3193 505 3236 arr
534 3192 610 3235 aera
637 3177 795 3250 uoluptate
817 3174 988 3247 fraudatas
1016 3193 1123 3235 essem:
1152 3175 1247 3236 No'cte
1278 3174 1453 3253 sopdnfera'

335 3274 430 3339 eelutr'
453 3294 521 3338 earn
547 3276 663 3337 semaia
690 3273 810 3337 ludurt’
833 3294 903 3358 sqq.
936 3309 971 3319 -
1007 3295 1035 3336 c.
1060 3281 1134 3343 132:
1172 3278 1269 3337 ‘Haec
1296 3285 1330 3339 at
1357 3280 1454 3339 iratus

334 3381 442 3456 effudi,
467 3355 529 3439 lna
551 3376 613 3440 solo
632 3376 712 3450 fixos
733 3377 840 3449 eures,
855 3375 967 3438 auersa
990 3377 1121 3438 terrebat
1140 3396 1210 3461 sqq.
1234 3411 1277 3421 -—
1298 3374 1373 3438 Iam
1393 3374 1453 3459 igi-

231 3521 237 3540 .
334 3485 388 3539 tur
409 3485 538 3541 constat
559 3474 651 3539 illum
673 3475 854 3540 sententiae
877 3475 990 3538 finium
1011 3476 1243 3557 immemorem,
1265 3476 1454 3562 ubicunque

335 3598 404 3639 rem
431 3586 526 3662 putat
552 3577 700 3663 poeticae
733 3576 947 3661 descriptioni
980 3586 1092 3661 aptam
1124 3576 1201 3660 (hoc
1233 3577 1454 3641 animaduerti

335 3685 444 3761 potest
467 3678 501 3741 in
522 3677 572 3742 his
595 3679 701 3744 tribus
725 3675 899 3769 exemplis)
921 3678 1082 3763 incipere,
1109 3678 1144 3740 in
1163 3700 1279 3742 uersus
1301 3680 1453 3742 transire.

336 3777 402 3842 Cur
431 3800 509 3845 uero
545 3779 682 3844 eandem
715 3778 898 3863 elegantem
925 3779 1067 3844 Varroni
1082 3777 1283 3847 libertatem
1316 3778 1455 3865 denege-

333 3880 436 3944 mus?
484 3880 570 3944 Nam
592 3880 673 3944 haec
701 3878 816 3944 saltem
838 3903 903 3944 non
925 3889 1035 3965 potest
1057 3901 1129 3944 esse
1158 3902 1280 3962 causa,
1309 3880 1400 3967 quod
1420 3881 1454 3944 in

334 3981 527 4066 fragmentis
551 3982 659 4047 sobrie
686 3981 893 4067 pertractatis
922 3980 1048 4046 nullum
1075 3990 1200 4046 certum
1226 3972 1295 4046 eius
1322 3982 1454 4067 generis

334 4092 579 4148 monumentum
601 4083 779 4168 reperitur,
809 4083 844 4145 in
871 4083 991 4169 quibus
1020 4082 1084 4147 duo
1113 4082 1242 4147 omnino
1270 4092 1349 4147 sunt
1370 4105 1455 4169 quae

333 4184 397 4249 huc
419 4186 584 4270 pertinent
600 4176 672 4248 ”Ora
696 4177 770 4266 trip.
794 4183 880 4247 XVI
902 4194 935 4248 et
957 4184 1049 4271 Sesq.
1072 4184 1122 4265 X,
1151 4206 1290 4268 quorum
1317 4186 1456 4249 sanein

334 4296 450 4350 neutro
472 4286 644 4373 utriusque
666 4286 824 4350 sermonis
847 4289 968 4370 partes
982 4286 1146 4368 artissime
1169 4285 1362 4369 iunguntur.
1404 4285 1454 4350 Eo

334 4386 435 4469 igitur
457 4386 584 4452 inducit
605 4387 738 4452 Petroni
760 4386 972 4473 comparatio,
993 4396 1031 4451 ut
1052 4385 1140 4473 quod
1167 4386 1203 4448 in
1225 4385 1376 4451 Varrone
1397 4410 1455 4453 no-

335 4486 386 4552 bis
415 4489 546 4572 quidem
574 4512 640 4553 non
667 4497 833 4552 seruatum
867 4498 932 4565 ost,
962 4489 1110 4572 potuisse
1142 4496 1255 4551 tamen
1287 4488 1318 4552 ei
1345 4488 1455 4553 inesse

336 4587 570 4673 concedamus3
599 4589 717 4655 suadet
748 4611 826 4654 uero
859 4588 921 4653 hoc
954 4611 1097 4675 quoque,
1131 4587 1219 4674 quod
1245 4589 1395 4654 Kochius
1424 4602 1457 4657 ct
