3559 5709
725 714 852 771 CAPVT
883 716 894 771 l
1328 712 1367 774 13

247 875 411 940 tumidum
429 884 462 940 et
485 875 652 940 sufflatum
677 867 728 959 (τό
750 871 947 961 θεατρικόν)
970 899 1042 941 cum
1064 878 1202 944 ridiculo
1226 889 1258 944 et
1280 902 1367 943 seur-

247 976 301 1039 rili
324 968 377 1058 (τό
409 979 558 1059 γελοῖον)
588 978 727 1041 mixtum
754 976 870 1063 hisque
899 978 1030 1043 additas
1058 979 1211 1065 parodias
1237 981 1369 1047 efficere

246 1077 330 1142 illud
354 1081 439 1143 εποΐν
463 1074 550 1153 εἶδος
573 1074 697 1160 λόγου’
720 1081 943 1166 monstrant.¹)
976 1079 1093 1144 Obiter
1112 1104 1227 1146 moneo
1242 1082 1276 1146 in
1292 1106 1367 1148 anc-

245 1180 338 1266 nymi
361 1177 437 1265 περὶ
460 1180 654 1265 αἰσθήσεων
676 1180 752 1246 libri
776 1204 875 1267 supra
903 1180 994 1245 allati
1018 1182 1074 1265 (cf.
1097 1182 1263 1247 uolum‘ma
1285 1183 1367 1248 Her-

246 1281 438 1347 culanensis
465 1282 515 1346 VI
537 1281 598 1348 col.
622 1282 703 1368 XV)
727 1283 788 1346 hac
816 1282 994 1347 sententia:
1027 1280 1129 1367 ³(a)nl
1157 1276 1290 1366 o(ddi)v
1312 1308 1368 1349 πι-

245 1375 359 1447 θανὸν
381 1385 545 1467 (ἒ)νεστιν
565 1385 667 1468 (τοῖ’)ς
692 1374 781 1471 [(ὠ)ς
802 1383 1087 1466 Waohsmuthius]
1111 1408 1154 1448 αν
1168 1384 1215 1473 [2]
1238 1389 1368 1462 Βίωνος

246 1486 309 1548 τοῦ
345 1477 429 1549 κατὰ
463 1480 714 1572 appanowa
742 1507 869 1549 π..του
899 1488 1108 1568 φιλοσοφίαν
1130 1477 1284 1562 detineto
1307 1512 1367 1552 κο-

245 1581 453 1669 σμήσαντος,
489 1579 739 1672 ἆσ(υ)νθὲ(των
766 1583 1073 1674 μ)ετακ(ο)λούθου
1107 1581 1163 1652 διὰ
1192 1581 1283 1674 (ἠὴν
1310 1590 1368 1672 τῆς

248 1680 608 1771 perservandam
639 1682 827 1771 ἄγνωσίαν’
857 1713 972 1755 nocem
999 1689 1088 1754 illam
1114 1690 1263 1755 mutilam
1290 1713 1366 1755 π..-

245 1813 309 1854 του
332 1814 352 1855 a
375 1792 486 1857 Scotto
516 1791 700 1878 suppletam
730 1814 801 1855 esse
828 1790 968 1875 ποητοῦ.
1020 1792 1085 1858 Sed
1113 1816 1193 1858 caue
1220 1793 1297 1858 inde
1326 1794 1367 1859 de

244 1893 350 1957 Bione
378 1902 474 1980 poeta
502 1894 689 1980 opinionem
718 1893 778 1958 tibi
805 1892 927 1978 fingas,
961 1894 1248 1959 Waohsmuthium
1281 1896 1367 1960 enim

244 1986 283 2080 p,
302 2003 342 2063 40
371 1992 507 2079 πρώτου
536 2005 624 2060 recte
653 1994 845 2059 emendasse
877 1995 1037 2080 Diogenis
1069 1996 1305 2083 Strabonisque
1331 1998 1367 2060 in

243 2096 308 2160 hoc
330 2096 418 2163 dicto
447 2097 610 2162 narrando
640 2119 816 2162 consensus
847 2096 951 2163 docet.
995 2098 1197 2183 Meleagrum
1225 2098 1366 2185 denique

245 2199 487 2283 Gadarensem,
522 2222 617 2286 quem
639 2198 748 2263 indole
770 2198 925 2285 Menippo
949 2199 1048 2264 simili
1076 2201 1179 2265 fuisse
1200 2200 1366 2285 Diogenes

244 2300 372 2382 scribit,
397 2302 512 2367 eodem
534 2324 597 2387 quo
622 2300 714 2365 illum
736 2300 902 2365 scribendi
924 2324 1044 2385 genere
1065 2326 1161 2366 usum
1182 2317 1254 2367 esse
1270 2302 1366 2366 facile

244 2401 364 2484 conici,
388 2404 521 2489 probari
544 2413 652 2468 autem
675 2426 715 2467 ne
739 2401 874 2467 difficile
898 2402 1029 2487 quidem
1050 2404 1180 2488 poterit.

310 2505 364 2570 Ad
387 2504 484 2569 finem
505 2506 647 2591 perduxi
670 2504 926 2591 disputationem
949 2503 989 2568 de
1009 2504 1175 2592 Menippo,
1199 2527 1264 2592 qua
1286 2506 1365 2570 Pro-

242 2606 335 2687 bum,
353 2608 415 2671 etsi
430 2608 606 2671 satirarum
622 2604 873 2692 appellationem
890 2606 925 2669 in
942 2604 1029 2669 illius
1046 2604 1148 2672 libros
1163 2607 1274 2693 inepte
1290 2630 1364 2673 con-

243 2707 356 2795 fert,²)
380 2732 448 2773 rem
472 2718 581 2772 tamen
602 2709 709 2794 ipsam
739 2717 826 2772 recte
848 2730 982 2772 narrare
1005 2708 1149 2790 ostendi,
1172 2708 1263 2773 illum
1286 2732 1364 2796 quo·

244 2832 309 2895 que
337 2810 474 2874 ‘satiras
507 2833 583 2874 suas
615 2810 787 2895 omnigeno
821 2810 964 2900 carmine
991 2808 1213 2895 expoliuisse.'
1263 2810 1364 2875 Cuius

243 2911 386 2976 rationis
410 2910 561 2998 exempla
583 2912 616 2975 in
633 2912 768 2978 Graecis
792 2910 910 2976 litteris
933 2910 1031 2976 hodie
1054 2934 1137 2996 qnae
1159 2922 1284 2993 extant,
1300 2913 1365 2976 Lu·

244 3013 332 3076 ciani
355 3024 431 3078 sunt
454 3013 627 3099 opuscula,
658 3013 749 3078 uelut
770 3014 920 3099 Iuppiter
943 3012 1132 3097 tragoedus,
1156 3011 1363 3095 Conuiuium,

243 3114 446 3198 Alexander,
471 3114 551 3197 alia3
576 3115 693 3181 deinde
714 3115 836 3179 Iuliani
858 3114 960 3179 satira
983 3136 1081 3200 quam
1099 3114 1269 3201 inscripsit
1284 3114 1363 3179 an-

243 3239 347 3281 sares.
392 3216 431 3281 ln
464 3217 514 3281 his
549 3219 684 3303 propria
712 3218 857 3282 carmina
889 3238 1045 3303 posuere3
1083 3214 1221 3281 aliorum
1253 3227 1364 3282 autem

242 3342 359 3383 uersus
388 3318 491 3383 multo
519 3320 649 3405 saepius
676 3319 891 3383 immiscuere.
942 3319 1125 3383 Lucianum
1152 3328 1261 3382 autem
1290 3340 1363 3382 cum

242 3430 379 3508 propter
400 3420 486 3484 hanc
508 3443 651 3502 causam,
669 3431 737 3485 tum
753 3430 887 3507 propter
910 3418 991 3483 alias
1011 3418 1208 3506 permultum
1223 3418 1266 3483 ad
1281 3420 1362 3484 Var-

242 3521 333 3586 ronis
358 3543 486 3609 qnoque
509 3533 636 3587 saturas
660 3523 903 3606 cognoscendas
926 3520 1050 3611 facere,
1080 3520 1167 3584 infra
1190 3542 1362 3607 exponam.

309 3623 365 3687 Ad
385 3623 477 3688 illam
498 3626 564 3687 iam
587 3626 811 3711 quaestionem
840 3645 938 3710 quam
966 3646 1066 3709 supra
1093 3624 1249 3708 proposui
1271 3646 1362 3689 reuo-

241 3724 306 3789 luti
335 3748 462 3806 sumus,
491 3736 529 3790 ut
556 3726 736 3791 iudicemus
767 3724 917 3790 Gellione
945 3748 986 3789 an
1015 3724 1122 3791 Probo
1151 3724 1232 3789 fides
1260 3726 1364 3790 maior

241 3826 398 3891 habenda
426 3827 738 3913 Menippearumque
767 3849 947 3912 cognomen
975 3828 1017 3893 ab
1045 3827 1154 3891 indole
1178 3837 1363 3891 saturarum

242 3928 362 4014 cynica
390 3951 432 3992 an
460 3930 502 3994 ab
531 3924 702 4013 omnigeno
732 3929 875 3992 carmine
905 3929 1122 3993 deriuandum
1153 3929 1205 3991 sit.
1254 3928 1363 4014 Atque

242 4021 542 4116 indolem'quidem
564 4029 653 4094 illam
676 4031 723 4094 eis
745 4030 848 4094 fnisse
870 4053 945 4120 cum
954 4025 961 4031 ”
971 4054 1037 4096 non
1059 4053 1139 4116 opus
1169 4029 1213 4095 sit
1234 4027 1363 4115 prolixa

313 4235 339 4301 1)
359 4238 455 4301 Neque
475 4237 551 4287 aliud
570 4242 613 4288 est
631 4237 894 4302 quodTheodorum
916 4231 965 4289 τὸν
983 4227 1077 4289 ἄθεον
1095 4228 1184 4288 ‘antei
1202 4232 1263 4285 πᾶν
1283 4226 1363 4295 εἶδος
1395 4296 1399 4303 ι

241 4315 328 4388 λόγου
347 4320 547 4386 σοφιστεῦσαι’
566 4323 708 4388 Diogenes
726 4321 792 4372 ibid.
810 4322 905 4373 refert.
1190 4315 1193 4321 ’

311 4404 339 4472 2)
359 4407 392 4456 In
412 4422 444 4456 eo
464 4406 536 4472 apud
555 4407 639 4457 talem
652 4410 815 4471 scriptorem
833 4423 888 4457 non
907 4407 995 4472 magis
1009 4405 1201 4457 offendendum
1215 4409 1266 4467 est,
1280 4420 1362 4469 quam

240 4493 270 4542 in
288 4491 384 4542 uerbis
404 4491 462 4541 illis
481 4496 654 4542 monstruose
675 4493 841 4542 constructis
861 4492 1026 4555 ‘Menippeas
1044 4493 1126 4540 dietas
1144 4508 1194 4541 non
1213 4493 1362 4555 arnapistro

240 4578 313 4626 cuius
336 4584 411 4626 netas
434 4579 507 4641 longe
528 4579 740 4641 praeeessernt’;
765 4577 813 4626 illa
839 4577 911 4627 enim
935 4576 1026 4625 omnia
1050 4590 1084 4623 ex
1107 4576 1179 4625 bono
1203 4580 1232 4625 et
1254 4579 1362 4624 uetusto

241 4662 433 4726 grammatico,
453 4660 500 4711 sed
518 4662 599 4710 nimis
618 4661 793 4712 turbulenter
811 4664 943 4726 excerpta
962 4674 1023 4710 esse
1042 4664 1168 4726 apparet.
