3559 5709
421 698 481 764 138
786 704 818 759 ll.
844 704 983 777 ruituri
1008 702 1166 764 VARRONIS

848 876 938 945 EiiC
969 876 1093 945 ΠΟΤΕ

855 984 957 1072 [Περὶ
979 977 1092 1071 ὁρῶν]

933 1108 951 1172 Ι
974 1106 1022 1194 (1)

501 1210 598 1274 Vitae
621 1232 751 1274 cursum
773 1218 810 1274 ut
832 1230 1027 1293 cognoscere
1049 1231 1179 1296 possem
1202 1217 1235 1272 et
1257 1230 1342 1294 quae
1366 1208 1538 1272 seruitutis

417 1322 450 1376 et
471 1311 633 1377 libertatis
655 1312 697 1377 ab
721 1311 847 1396 origine
869 1311 913 1376 ad
935 1311 1091 1377 exodium
1112 1310 1275 1376 adductae
1301 1348 1350 1374 -.
1383 1367 1388 1377 .

501 1531 577 1598 Nun
598 1555 695 1619 posse
717 1534 828 1597 ostrea
851 1535 886 1596 se
908 1427 1031 1597 liiniii
1053 1532 1211 1636 praebere
1232 1540 1265 1595 et
1286 1530 1431 1595 echinos.

821 1735 1131 1800 FLAXTABVLA
1202 1754 1204 1758 '

740 1842 745 1852 '
822 1834 923 1921 [Περὶ
948 1834 1128 1921 ἐπαρχιῶν]

502 2060 613 2142 Quid?
636 2071 672 2125 tu
693 2084 760 2126 non
781 2059 874 2124 uides
896 1956 1071 2140 inluihitis,
1094 2058 1183 2145 quod
1203 2058 1268 2123 tria
1287 2056 1366 2145 pala
1381 2058 1539 2139 habeant,

380 2182 398 2241 5
417 2163 552 2250 tripales
576 2162 664 2227 dici?

921 2280 958 2344 ΙΙ
995 2288 1014 2348 2

500 2383 597 2448 Multi
620 2384 723 2465 enim,
747 2383 803 2470 qui
825 2364 940 2447 limina
960 2280 1126 2447 iritiarunt
1150 2383 1287 2468 integris
1311 2382 1432 2463 oeulis,
1457 2393 1538 2448 stra·

415 2487 517 2552 bones
546 2495 623 2551 suut
658 2485 756 2550 facti:
791 2485 891 2550 hahet
923 2484 1079 2572 quiddam
1113 2486 1199 2549 enim
1231 2481 1432 2549 ἕλκυστικὸν
1465 2508 1538 2573 pro·

416 2586 568 2652 uincialis
591 2586 795 2652 formonsula
816 2609 912 2651 uxor.

484 2810 558 2861 Eae
577 2810 679 2861 ΠΟΤΕ
702 2800 934 2877 [restrictionis]
972 2812 1134 2876 ‘Quousque
1153 2810 1281 2862 tandem’
1304 2812 1376 2863 libro
1395 2810 1431 2868 de
1450 2802 1538 2875 ὥραις

416 2882 433 2930 i.
455 2897 478 2931 e.
498 2880 532 2930 de
550 2880 720 2946 temporibus
739 2895 793 2930 non
811 2880 905 2945 inepte
923 2880 1098 2941 inscribitur3
1121 2882 1211 2946 possis
1230 2884 1324 2929 autem
1343 2880 1429 2929 etium
1449 2881 1537 2945 suspi-

417 2950 476 2998 cari
495 2948 579 3012 (quod
598 2948 699 2997 Aldina
718 2948 813 3010 habet)
833 2945 898 3010 usqi
916 2936 1004 3010 ὅρων,
1030 2948 1063 2998 de
1089 2947 1202 3010 finibus;
1228 2948 1261 2997 de
1285 2947 1385 3011 quibus
1404 2946 1537 3013 Chrysip-

415 3032 480 3082 pus,
500 3017 654 3081 Sphaerus,
679 3017 785 3079 Strato,
809 3015 1018 3082 Theophrastus
1041 3017 1221 3081 scripserunt.
1278 3016 1423 3066 I'Nouius
1445 3019 1488 3067 27.
1507 3018 1538 3065 14

416 3084 595 3134 ‘Exodium
620 3089 661 3134 est
684 3082 760 3145 finis,
785 3100 801 3134 a
825 3099 927 3149 graeco
952 3088 1086 3141 tractum,
1105 3084 1188 3147 quasi
1211 3078 1264 3146 ἔξω
1286 3081 1338 3150 τῆς
1361 3082 1485 3147 (suine
1502 3084 1536 3145 L)

414 3150 487 3203 odori
504 3151 533 3200 id
552 3157 595 3201 est
613 3156 691 3201 extra
709 3153 792 3201 uiam.
828 3152 916 3201 Varro
935 3178 968 3185 -
985 3152 1063 3203 Idem
1072 3142 1146 3211 Ἕως
1164 3143 1233 3203 πότε
1253 3150 1418 3218 (Eospote
1437 3152 1536 3215 HLW)

415 3217 481 3282 περὶ
500 3212 579 3296 desig
598 3257 603 3268 .
619 3259 625 3272 .
640 3224 657 3270 .’
712 3219 739 3268 II
757 3220 862 3269 Nonius
881 3220 945 3280 216,
964 3223 980 3269 3
1000 3220 1142 3270 ‘Ostrea
1160 3247 1193 3255 —
1211 3246 1244 3255 -
1263 3219 1365 3271 neutri.
1406 3219 1537 3271 Lucilius

416 3314 449 3323 -
466 3288 554 3337 Varro
577 3287 637 3345 Εως
654 3278 723 3337 πότε
743 3286 906 3351 (Eospote
925 3289 997 3352 LW)
1017 3286 1081 3350 περὶ
1100 3277 1178 3352 ὁρῶν
1191 3328 1197 3341 .
1210 3326 1218 3347 ,
1233 3292 1251 3340 .’

483 3372 732 3422 FLAXTABULA
758 3369 833 3437 [περὶ
853 3363 1005 3437 ἐπαρχιῶν]
1025 3373 1173 3438 Inscriptio
1191 3386 1301 3437 prorsus
1319 3373 1430 3435 iocosa,
1455 3387 1538 3436 quam

417 3440 559 3506 explicare
577 3454 630 3489 nec
649 3439 767 3504 contigit
787 3439 837 3488 ulli
859 3455 949 3504 neque
971 3455 1099 3505 umquam
1123 3442 1274 3505 continget.
1310 3438 1353 3491 ef.
1374 3439 1484 3489 Plinius
1501 3440 1537 3490 Η.

412 3510 447 3559 N.
466 3509 554 3573 praei.
574 3509 608 3557 24
626 3508 830 3574 ‘Inscriptionis
849 3507 922 3572 apud
940 3507 1063 3559 Graecos
1081 3510 1150 3558 mira
1169 3508 1330 3560 felicitas..
1349 3508 1446 3558 Nostri
1463 3524 1539 3574 gros-

417 3577 520 3638 siores,
544 3574 759 3638 Antiquitatum,
788 3576 984 3640 Exemplorum
1007 3576 1167 3641 Attiumque
1192 3574 1356 3626 facetissimi
1454 3575 1539 3642 paulo

415 3644 506 3691 minus
525 3642 630 3692 adserit
647 3644 736 3692 Varro
759 3646 788 3694 iu
805 3645 900 3693 satirIs
918 3644 975 3693 suis
995 3643 1165 3694 Sesculixem
1189 3649 1218 3694 ct
1235 3642 1426 3694 Flextabula)
1462 3645 1505 3695 Ne
1524 3660 1540 3694 e

415 3711 582 3775 fragmentis
602 3709 709 3774 quidem
733 3712 881 3775 quidquam
905 3711 981 3761 effici
1004 3717 1099 3776 potest
1137 3710 1336 3761 ‘Flaxtabulis’
1355 3711 1463 3763 Nouius
1480 3711 1539 3777 ple·

417 3792 542 3843 rumque,
563 3775 747 3829 ‘Flaxabulis’
765 3796 792 3844 p.
811 3782 852 3841 27,
878 3779 1073 3832 ‘Flaxabulus’
1092 3782 1114 3830 Β
1138 3797 1163 3844 p.
1182 3781 1246 3842 458,
1265 3777 1459 3831 ‘Flextabula’
1482 3780 1539 3832 Pli-

416 3848 479 3897 nius
502 3846 520 3897 l.
540 3862 564 3894 c.
589 3842 672 3909 (quod
690 3847 821 3911 probauit
842 3847 950 3911 Iunius)
975 3848 1095 3898 exhibet.
1152 3848 1423 3905 INonius219,15
1446 3847 1541 3897 ‘Pali

417 3930 518 3981 genere
542 3914 683 3966 feminino.
722 3915 820 3965 Neutri
843 3916 931 3966 Varro
955 3914 1132 3965 Flaxtabulis
1160 3910 1227 3980 περὶ
1250 3906 1395 3980 inuexisse
1419 3913 1542 3978 (aveo-

417 3999 499 4049 χιον
521 3983 544 4033 L
570 3996 741 4047 επαρχιον
763 3982 809 4047 W)
834 4020 840 4033 .
862 4017 894 4035 ..
950 3984 980 4034 II
1004 3985 1109 4034 Nonius
1127 3986 1173 4044 27,
1198 3986 1212 4033 1
1240 3981 1448 4034 ‘Strabones
1475 3988 1542 4034 sunt

416 4050 533 4102 strambi
552 4065 620 4114 quos
638 4066 711 4100 nunc
723 4050 846 4102 dicimus.
871 4053 960 4103 Varro
972 4051 1136 4104 Flexabulis
1153 4048 1219 4114 περὶ
1233 4042 1378 4116 inertiae
1396 4049 1543 4117 (αεπαρ-

396 4308 399 4311 ·
416 4298 430 4347 1
453 4295 512 4351 uite
527 4294 562 4351 H
565 4295 604 4352 W
622 4302 719 4368 etque
736 4293 767 4348 Η
788 4311 874 4368 aeque
891 4293 1030 4351 oehlerus
1044 4286 1059 4373 [l
1112 4298 1128 4350 3
1151 4296 1244 4349 eeluos
1258 4293 1327 4349 zW
1345 4293 1461 4350 echinos
1475 4295 1542 4351 edd.

417 4378 628 4436 Heremetrum
644 4378 785 4436 Oehlerus
801 4382 918 4453 eqnouit
932 4369 947 4458 Η
989 4384 1006 4432 4
1027 4380 1054 4434 in
1070 4380 1159 4436 niueis
1181 4380 1266 4434 Wm.
1270 4395 1320 4449 pr.
1336 4368 1351 4456 ΙΙ
1387 4380 1403 4430 5
1426 4380 1544 4453 tripules

417 4465 482 4526 edd.
507 4465 630 4538 tripalles
645 4464 718 4519 LW.
734 4466 872 4521 Fortasse
896 4465 982 4529 uides
999 4466 1071 4521 uites
1086 4466 1115 4520 in
1132 4465 1219 4520 uineis
1234 4456 1248 4543 ΙΙ
1263 4469 1279 4516 7
1331 4462 1468 4536 quoddam
1484 4462 1543 4520 Pa-

417 4549 500 4605 risin.
516 4552 582 4604 7667
603 4540 618 4628 fl
638 4538 813 4605 ἑλκυστικόν
837 4550 987 4606 Turnebus
1008 4550 1076 4606 ode.
1098 4550 1165 4607 th
1200 4550 1391 4623 helquestieon
1413 4548 1454 4602 W
1483 4550 1544 4607 hel·
1599 4561 1606 4573 ·

419 4634 557 4723 quisticon
570 4633 624 4689 HL
639 4634 734 4700 Paris.
744 4628 756 4717 ll
787 4638 803 4689 8
820 4635 987 4696 lorinonsula
1003 4636 1075 4696 libri.
1100 4633 1142 4714 Os.
1157 4633 1287 4713 Scaliper
1301 4634 1387 4698 catal.
1401 4634 1451 4709 lp.
1461 4638 1514 4692 326
1527 4630 1541 4716 Ι]
