3559 5709
738 716 865 774 capvt
895 718 906 773 l
1340 712 1380 777 15

261 876 459 960 Quintiliani
476 876 642 942 Ciceronis
665 877 811 944 locorum
834 878 1020 944 admonitus
1043 880 1098 965 qui
1120 881 1292 967 utriusque
1315 903 1380 945 ser-

260 980 366 1043 monis
403 980 629 1062 confusionem
657 979 801 1044 Varroni
834 981 1034 1062 attribuant,
1071 980 1129 1045 hos
1165 981 1251 1046 locos
1287 981 1382 1047 aliter

260 1079 485 1166 explicarem
507 1080 619 1168 philol.
644 1081 766 1145 XVIII
789 1090 850 1151 420
874 1104 944 1169 sqq.
968 1082 1124 1168 suscepit.
1169 1083 1261 1164 Quos
1293 1093 1381 1148 uete-

259 1206 334 1247 rum
365 1182 471 1265 locos,
501 1184 529 1247 si
558 1183 654 1248 modo
682 1184 717 1246 in
744 1183 828 1246 hano
857 1184 1080 1269 quaestionem
1108 1206 1186 1248 uere
1208 1184 1380 1271 quadrent,

260 1307 335 1349 eum
358 1284 542 1349 certissima
565 1284 757 1371 disputandi
772 1284 987 1349 fundamenta
1001 1285 1158 1370 praebere
1178 1288 1380 1369 accessesit,

262 1386 304 1450 de
326 1388 373 1449 eis
395 1395 432 1449 ut
458 1409 528 1451 rem
551 1387 593 1451 ad
621 1385 782 1473 liquidum
809 1386 1026 1472 perducamus
1054 1387 1185 1451 initium
1211 1388 1306 1453 nobis
1330 1411 1381 1452 su-

260 1488 417 1552 mendum
439 1499 500 1553 est.

326 1590 455 1654 Primus
478 1589 580 1675 igitur
603 1588 717 1655 Cicero
741 1598 915 1676 postquam
937 1591 971 1653 in
994 1591 1267 1655 Academicorum
1289 1591 1382 1655 initio
1434 1637 1436 1640 -

256 1692 446 1757 >Varronem
469 1691 510 1755 de
534 1692 601 1756 suis
630 1691 784 1777 operibus
815 1692 1031 1756 disserentem
1053 1693 1199 1775 induxit,
1226 1692 1381 1758 laudibus

261 1816 337 1859 eum
360 1794 496 1858 efferens
519 1793 600 1857 haec
622 1792 800 1880 respondet
824 1793 855 1879 (Ι
878 1802 908 1876 3,
932 1793 981 1879 9):
1019 1799 1101 1859 ‘Nos
1128 1802 1160 1859 in
1182 1806 1287 1876 nostra
1309 1801 1383 1860 urbe

256 1902 493 1976 pereprinantes
513 1906 713 1975 errantesque
736 1907 889 1975 tamquam
912 1902 1043 1976 hospites
1064 1904 1110 1961 tui
1129 1903 1202 1961 iibri
1221 1903 1311 1977 quasi
1330 1904 1382 1961 do

261 2019 342 2062 mum
365 2003 584 2062 deduxerunt.
603 2046 636 2062 ..
663 2002 708 2061 Tu
724 1983 852 2061 aetatem
871 2005 1058 2077 patrinatu
1080 2005 1298 2079 descriptiones
1313 2009 1382 2063 tem-

258 2120 370 2180 porum
488 2106 653 2179 aperuisti,
680 2105 905 2179 plurimumque
927 2108 1028 2179 poetis
1061 2108 1173 2166 nostris
1205 2108 1385 2180 omninoque

261 2208 365 2267 latinis
386 2213 415 2265 et
435 2206 532 2265 literis
558 2208 678 2266 luminis
706 2207 836 2266 attulisti
855 2212 885 2265 et
906 2208 1021 2279 uerbis,
1052 2216 1144 2281 atque
1170 2209 1235 2283 ipse
1262 2210 1383 2267 uarium

262 2315 291 2367 et
317 2308 442 2381 elepans
469 2310 552 2367 omni
573 2306 645 2379 sere
672 2324 796 2368 numero
818 2324 930 2383 poema
954 2306 1072 2382 fecisti,
1101 2310 1385 2385 philosophiamque

261 2411 365 2469 multis
390 2410 463 2469 loeis
497 2411 663 2483 intonasti,
694 2412 738 2469 ad
752 2411 983 2489 impellendum·
1006 2412 1095 2486 satis,
1129 2412 1173 2469 ad
1199 2411 1383 2470 edocendum

180 2576 182 2579 ,
257 2513 396 2586 parum!
440 2505 494 2569 Ex
524 2528 562 2571 eo
593 2506 663 2571 loeo
693 2507 721 2571 si
744 2515 837 2571 caute
860 2505 1045 2592 explicatur
1072 2505 1119 2570 nil
1142 2508 1272 2572 omnino
1295 2508 1384 2593 quod

262 2609 305 2673 ad
327 2608 553 2693 quaestionem
576 2619 721 2673 nostram
744 2608 909 2694 pertineat
931 2608 1002 2672 erui
1023 2618 1142 2694 potest,
1164 2619 1202 2673 ut
1223 2630 1284 2673 nec
1299 2608 1383 2672 Bue-

262 2708 393 2774 chelero
417 2709 557 2773 duarum
573 2710 756 2775 orationum
772 2710 1033 2775 coniunctionem
1048 2733 1109 2774 nec
1124 2710 1272 2795 Roepero
1294 2732 1385 2774 mera
1419 2758 1422 2762 «

263 2811 409 2875 earmina
431 2833 451 2874 a
473 2812 631 2876 Cicerone
659 2812 693 2874 in
722 2812 843 2876 saturis
874 2810 1020 2877 indicata
1048 2811 1288 2877 affirmantibus
1317 2835 1384 2877 ore-

263 2912 407 2977 dendum
436 2913 488 2976 sit.
539 2913 614 2977 Etsi
644 2913 730 2977 enim
760 2912 800 2977 de
830 2913 969 2994 saturis,
999 2935 1083 2999 quae
1112 2914 1200 2978 omni
1227 2912 1297 2977 fere
1326 2937 1383 2976 nu-

262 3035 353 3078 mero
366 3015 546 3099 composita
561 3016 707 3078 carmina
722 3013 944 3095 continebant,
958 3014 1149 3079 Ciceronem
1165 3038 1281 3079 reuera
1295 3014 1384 3100 loqui

263 3114 510 3180 concedendum
525 3117 569 3179 sit
585 3114 675 3200 (narn
690 3125 804 3181 contra
820 3114 1006 3201 opinionem
1021 3138 1041 3178 a
1055 3116 1236 3182 Ritschelio
1251 3117 1285 3179 in
1300 3139 1383 3180 mus.
1401 3177 1402 3180 ,

263 3216 377 3305 philol.
400 3216 451 3281 VI
474 3227 536 3286 494
552 3240 600 3304 sq.
622 3216 795 3303 prolatam,
820 3239 952 3281 carmen
974 3216 1027 3281 hie
1048 3218 1189 3282 indicari
1212 3218 1384 3283 didascali-

264 3342 341 3384 cum
356 3339 420 3405 quo
437 3318 477 3383 de
493 3341 601 3383 rerum
623 3318 766 3383 fortasse
782 3329 902 3382 natura
917 3319 1024 3382 Varro
1040 3322 1154 3403 egerit,
1171 3343 1291 3405 graues
1307 3342 1384 3384 sane

264 3420 486 3486 dubitationes
501 3420 670 3506 Roeperus
687 3420 708 3486 l.
722 3443 750 3486 c.
765 3421 930 3504 mouit¹)),
953 3429 1061 3484 tamen
1076 3421 1164 3485 unde
1179 3422 1251 3507 quis
1275 3420 1383 3486 solas

263 3532 393 3587 saturas
415 3521 607 3608 Menippeas
630 3545 736 3609 neque
765 3520 830 3585 alia
851 3520 909 3585 illa
930 3533 1099 3607 praeterea
1127 3546 1211 3608 quae
1233 3522 1384 3587 uersibus

205 3692 208 3695 Α
263 3624 371 3689 Varro
394 3629 576 3709 composuit
597 3622 746 3687 Ciceroni
774 3623 809 3685 in
831 3632 973 3687 mentem
1000 3624 1130 3688 uenisse
1158 3625 1230 3689 iure
1258 3623 1385 3689 conclu-

264 3724 341 3789 dere
364 3726 485 3811 possit,
516 3724 667 3812 equidem
689 3725 810 3790 nesoio.
856 3724 996 3811 Scripsit
1018 3727 1105 3789 enim
1127 3727 1252 3808 Varro,
1280 3737 1317 3790 ut
1344 3749 1386 3790 ex

263 3827 458 3913 Hieronymi
481 3826 630 3912 catalogo
654 3826 722 3892 eius
745 3825 903 3891 librorum
924 3828 1076 3893 nouimus
1105 3830 1163 3912 (of.
1186 3826 1384 3892 Ritschelius

263 3952 348 3993 mus.
365 3928 478 4014 philol.
495 3928 566 3992 XII
583 3938 642 3998 147
660 3929 763 4014 sqq),
781 3937 913 4015 praeter
936 3937 1137 4016 ‘satyrarum
1158 3931 1386 4015 menipparum

265 4030 520 4117 (menypparum
548 4030 620 4094 cod.
645 4031 831 4117 Atrebat.)'
861 4030 963 4095 libros
992 4031 1047 4094 CL
1071 4032 1170 4095 etiam
1198 4040 1385 4118 poematum

265 4204 467 4212 0⁸——

337 4322 364 4387 1)
383 4324 494 4373 Etenim
512 4323 537 4372 si
559 4322 591 4372 de
615 4322 668 4373 tali
692 4323 813 4373 carmine
837 4322 1014 4389 cogitandum
1038 4328 1124 4388 esset,
1147 4324 1225 4387 iungi
1247 4326 1387 4387 oporteret

264 4407 316 4458 illa
335 4408 421 4458 ‘omni
433 4408 492 4457 fere
504 4411 628 4457 numero’
647 4409 709 4481 uqci
728 4409 867 4473 ‘elegans'
887 4412 915 4457 et
928 4409 1063 4473 explicari
1082 4409 1166 4457 ‘omni
1184 4409 1244 4458 fere
1257 4408 1385 4469 ratione’;

264 4492 447 4542 offensionem
466 4508 532 4542 uero
551 4493 642 4556 qualis
662 4495 767 4543 inesset
785 4494 869 4543 uerbo
889 4495 971 4543 ‘fere’
990 4498 1073 4543 utne
1092 4493 1263 4543 leuissimum
1276 4492 1385 4555 quidem

263 4577 385 4629 Varroni
409 4575 522 4625 adderet
549 4577 712 4628 Ciceronem
741 4579 823 4628 anule
852 4592 964 4648 curasse
993 4594 1026 4627 ex
1054 4578 1180 4643 epistulis
1205 4578 1239 4627 ad
1263 4578 1385 4627 Atticum

264 4662 334 4713 satis
353 4675 491 4727 superque
508 4660 647 4713 docemur.
