<?xml version="1.0" encoding="UTF-8"?>
<!DOCTYPE html PUBLIC "-//W3C//DTD XHTML 1.0 Transitional//EN"
    "http://www.w3.org/TR/xhtml1/DTD/xhtml1-transitional.dtd">
<html xmlns="http://www.w3.org/1999/xhtml" xml:lang="en" lang="en">
 <head>
  <title>
</title>
<meta http-equiv="Content-Type" content="text/html;charset=utf-8" />
  <meta name='ocr-system' content='tesseract 3.04.00' />
  <meta name='ocr-capabilities' content='ocr_page ocr_carea ocr_par ocr_line ocrx_word'/>
</head>
<body>
  <div class='ocr_page' id='page_1' title='image "./saturarummenipp00riesgoog_0063.png"; bbox 0 0 3559 5709; ppageno 0'>
   <div class='ocr_carea' id='block_1_1' title="bbox 740 683 1375 746">
    <p class='ocr_par' dir='ltr' id='par_1_1' title="bbox 740 683 1375 746">
     <span class='ocr_line' id='line_1_1' title="bbox 740 683 1375 746; baseline 0.006 -4"><span class='ocrx_word' id='word_1_1' title='bbox 740 688 865 744; x_wconf 78' lang='lat' dir='ltr'>eva&#39;r</span> <span class='ocrx_word' id='word_1_2' title='bbox 889 689 899 744; x_wconf 96' lang='lat' dir='ltr'>l</span> <span class='ocrx_word' id='word_1_3' title='bbox 1333 683 1375 746; x_wconf 84' lang='lat'>39</span> 
     </span>
    </p>
   </div>
   <div class='ocr_carea' id='block_1_2' title="bbox 252 841 1373 2670">
    <p class='ocr_par' dir='ltr' id='par_1_2' title="bbox 256 841 1372 2158">
     <span class='ocr_line' id='line_1_2' title="bbox 406 841 1352 936; baseline -0.004 -19"><span class='ocrx_word' id='word_1_4' title='bbox 406 868 435 925; x_wconf 87' lang='grc'>7.</span> <span class='ocrx_word' id='word_1_5' title='bbox 459 853 592 917; x_wconf 82' lang='grc'><strong>1)61111111</strong></span> <span class='ocrx_word' id='word_1_6' title='bbox 615 862 671 916; x_wconf 87' lang='grc'><strong>6111</strong></span> <span class='ocrx_word' id='word_1_7' title='bbox 693 852 779 916; x_wconf 89' lang='grc'><strong>66116</strong></span> <span class='ocrx_word' id='word_1_8' title='bbox 803 851 944 936; x_wconf 85' lang='grc' dir='ltr'><strong>(Ρ11111116</strong></span> <span class='ocrx_word' id='word_1_9' title='bbox 967 852 1002 914; x_wconf 89' lang='grc'>111</span> <span class='ocrx_word' id='word_1_10' title='bbox 1024 851 1125 935; x_wconf 82' lang='lat' dir='ltr'>Verg.</span> <span class='ocrx_word' id='word_1_11' title='bbox 1149 841 1208 915; x_wconf 87' lang='lat' dir='ltr'>ecl.</span> <span class='ocrx_word' id='word_1_12' title='bbox 1230 850 1274 914; x_wconf 88' lang='lat' dir='ltr'>Vl</span> <span class='ocrx_word' id='word_1_13' title='bbox 1298 851 1352 933; x_wconf 85' lang='grc'>31)</span> 
     </span>
     <span class='ocr_line' id='line_1_3' title="bbox 406 952 1176 1039; baseline -0.006 -19"><span class='ocrx_word' id='word_1_14' title='bbox 406 966 434 1027; x_wconf 85' lang='lat'>8.</span> <span class='ocrx_word' id='word_1_15' title='bbox 460 956 569 1036; x_wconf 66' lang='lat' dir='ltr'>(Post</span> <span class='ocrx_word' id='word_1_16' title='bbox 591 955 705 1019; x_wconf 92' lang='lat' dir='ltr'>uinum</span> <span class='ocrx_word' id='word_1_17' title='bbox 729 952 871 1039; x_wconf 82' lang='lat' dir='ltr'>seplasia</span> <span class='ocrx_word' id='word_1_18' title='bbox 893 953 975 1017; x_wconf 88' lang='lat' dir='ltr'>fetet</span> <span class='ocrx_word' id='word_1_19' title='bbox 998 954 1056 1038; x_wconf 91' lang='lat' dir='ltr'>(id.</span> <span class='ocrx_word' id='word_1_20' title='bbox 1081 952 1176 1039; x_wconf 83' lang='lat' dir='ltr'><strong>ibid.)</strong></span> 
     </span>
     <span class='ocr_line' id='line_1_4' title="bbox 341 1054 1045 1142; baseline -0.003 -22"><span class='ocrx_word' id='word_1_21' title='bbox 341 1057 480 1121; x_wconf 84' lang='lat' dir='ltr'>Saturae</span> <span class='ocrx_word' id='word_1_22' title='bbox 504 1056 696 1142; x_wconf 89' lang='lat' dir='ltr'>simpliciter</span> <span class='ocrx_word' id='word_1_23' title='bbox 717 1065 949 1141; x_wconf 80' lang='lat' dir='ltr'>nuncupantur</span> <span class='ocrx_word' id='word_1_24' title='bbox 969 1054 1045 1118; x_wconf 85' lang='lat' dir='ltr'>hae:</span> 
     </span>
     <span class='ocr_line' id='line_1_5' title="bbox 256 1146 1286 1244; baseline 0 -22"><span class='ocrx_word' id='word_1_25' title='bbox 256 1146 262 1150; x_wconf 35' lang='lat'>⁸</span> <span class='ocrx_word' id='word_1_26' title='bbox 406 1169 435 1230; x_wconf 83' lang='lat'>9.</span> <span class='ocrx_word' id='word_1_27' title='bbox 458 1155 521 1233; x_wconf 79' lang='grc' dir='ltr'>Δὶς</span> <span class='ocrx_word' id='word_1_28' title='bbox 544 1158 660 1231; x_wconf 72' lang='grc' dir='ltr'><em>παῖδες</em></span> <span class='ocrx_word' id='word_1_29' title='bbox 683 1156 717 1220; x_wconf 80' lang='lat' dir='ltr'>ol</span> <span class='ocrx_word' id='word_1_30' title='bbox 736 1153 891 1239; x_wconf 79' lang='grc' dir='ltr'><strong><em>γέροντες</em></strong></span> <span class='ocrx_word' id='word_1_31' title='bbox 914 1156 1057 1244; x_wconf 79' lang='lat' dir='ltr'>(Gellius</span> <span class='ocrx_word' id='word_1_32' title='bbox 1080 1156 1149 1221; x_wconf 88' lang='lat' dir='ltr'>VII</span> <span class='ocrx_word' id='word_1_33' title='bbox 1172 1168 1207 1238; x_wconf 88' lang='lat'>5,</span> <span class='ocrx_word' id='word_1_34' title='bbox 1233 1159 1286 1241; x_wconf 85' lang='grc'>16)</span> 
     </span>
     <span class='ocr_line' id='line_1_6' title="bbox 385 1258 1100 1344; baseline -0.003 -19"><span class='ocrx_word' id='word_1_35' title='bbox 385 1269 435 1329; x_wconf 89' lang='grc'>16.</span> <span class='ocrx_word' id='word_1_36' title='bbox 457 1259 687 1325; x_wconf 80' lang='lat' dir='ltr'>Ecdemeticus</span> <span class='ocrx_word' id='word_1_37' title='bbox 711 1258 852 1343; x_wconf 91' lang='lat' dir='ltr'>(Gellius</span> <span class='ocrx_word' id='word_1_38' title='bbox 875 1259 962 1324; x_wconf 85' lang='lat' dir='ltr'>XIX</span> <span class='ocrx_word' id='word_1_39' title='bbox 987 1270 1021 1339; x_wconf 82' lang='lat'>8,</span> <span class='ocrx_word' id='word_1_40' title='bbox 1047 1260 1100 1344; x_wconf 89' lang='lat'>17)</span> 
     </span>
     <span class='ocr_line' id='line_1_7' title="bbox 386 1358 1159 1447; baseline 0.004 -21"><span class='ocrx_word' id='word_1_41' title='bbox 386 1373 434 1431; x_wconf 89' lang='grc'>11.</span> <span class='ocrx_word' id='word_1_42' title='bbox 456 1358 657 1426; x_wconf 84' lang='lat' dir='ltr'>Flaxtabula</span> <span class='ocrx_word' id='word_1_43' title='bbox 681 1359 820 1444; x_wconf 83' lang='lat' dir='ltr'>(Plinius</span> <span class='ocrx_word' id='word_1_44' title='bbox 843 1361 887 1426; x_wconf 91' lang='lat' dir='ltr'>H.</span> <span class='ocrx_word' id='word_1_45' title='bbox 910 1362 952 1425; x_wconf 89' lang='lat' dir='ltr'>N.</span> <span class='ocrx_word' id='word_1_46' title='bbox 975 1360 1080 1447; x_wconf 88' lang='lat' dir='ltr'>praef.</span> <span class='ocrx_word' id='word_1_47' title='bbox 1104 1361 1159 1443; x_wconf 93' lang='grc'>24)</span> 
     </span>
     <span class='ocr_line' id='line_1_8' title="bbox 386 1455 1371 1549; baseline 0.003 -22"><span class='ocrx_word' id='word_1_48' title='bbox 386 1463 436 1533; x_wconf 80' lang='lat'>12.</span> <span class='ocrx_word' id='word_1_49' title='bbox 459 1458 546 1544; x_wconf 78' lang='grc' dir='ltr'><em>Περὶ</em></span> <span class='ocrx_word' id='word_1_50' title='bbox 568 1455 761 1544; x_wconf 79' lang='grc' dir='ltr'><em>ἐδεσμάτων</em></span> <span class='ocrx_word' id='word_1_51' title='bbox 785 1462 927 1549; x_wconf 78' lang='lat' dir='ltr'>(Gellius</span> <span class='ocrx_word' id='word_1_52' title='bbox 951 1462 1001 1525; x_wconf 93' lang='lat' dir='ltr'>VI</span> <span class='ocrx_word' id='word_1_53' title='bbox 1025 1472 1080 1543; x_wconf 83' lang='lat'>16,</span> <span class='ocrx_word' id='word_1_54' title='bbox 1106 1472 1134 1530; x_wconf 92' lang='lat'>1.</span> <span class='ocrx_word' id='word_1_55' title='bbox 1169 1462 1234 1526; x_wconf 88' lang='lat' dir='ltr'>XV</span> <span class='ocrx_word' id='word_1_56' title='bbox 1258 1473 1314 1544; x_wconf 91' lang='grc'>19,</span> <span class='ocrx_word' id='word_1_57' title='bbox 1342 1465 1371 1547; x_wconf 91' lang='grc'>1)</span> 
     </span>
     <span class='ocr_line' id='line_1_9' title="bbox 386 1560 1184 1650; baseline 0.004 -21"><span class='ocrx_word' id='word_1_58' title='bbox 386 1575 435 1637; x_wconf 89' lang='grc'>13.</span> <span class='ocrx_word' id='word_1_59' title='bbox 458 1560 545 1649; x_wconf 79' lang='grc' dir='ltr'><em>Περὶ</em></span> <span class='ocrx_word' id='word_1_60' title='bbox 568 1566 741 1647; x_wconf 79' lang='grc' dir='ltr'><strong><em>κεραυνοῦ</em></strong></span> <span class='ocrx_word' id='word_1_61' title='bbox 764 1564 968 1650; x_wconf 78' lang='lat' dir='ltr'>(Macrobius</span> <span class='ocrx_word' id='word_1_62' title='bbox 991 1563 1045 1627; x_wconf 89' lang='grc' dir='ltr'>ΙΙΙ</span> <span class='ocrx_word' id='word_1_63' title='bbox 1069 1572 1125 1644; x_wconf 91' lang='grc'>12,</span> <span class='ocrx_word' id='word_1_64' title='bbox 1150 1563 1184 1647; x_wconf 87' lang='grc'>2)</span> 
     </span>
     <span class='ocr_line' id='line_1_10' title="bbox 386 1664 1285 1753; baseline -0.003 -22"><span class='ocrx_word' id='word_1_65' title='bbox 386 1677 436 1737; x_wconf 88' lang='grc'>14.</span> <span class='ocrx_word' id='word_1_66' title='bbox 460 1665 690 1753; x_wconf 81' lang='lat' dir='ltr'>Sesqueulixes</span> <span class='ocrx_word' id='word_1_67' title='bbox 715 1664 854 1751; x_wconf 91' lang='lat' dir='ltr'>(Plinius</span> <span class='ocrx_word' id='word_1_68' title='bbox 878 1665 899 1730; x_wconf 93' lang='lat' dir='ltr'>l.</span> <span class='ocrx_word' id='word_1_69' title='bbox 923 1667 966 1749; x_wconf 85' lang='lat' dir='ltr'>c.)</span> <span class='ocrx_word' id='word_1_70' title='bbox 1282 1731 1285 1735; x_wconf 58' lang='grc'><strong>,</strong></span> 
     </span>
     <span class='ocr_line' id='line_1_11' title="bbox 386 1760 1305 1853; baseline 0.004 -21"><span class='ocrx_word' id='word_1_71' title='bbox 386 1780 433 1839; x_wconf 88' lang='lat'>15.</span> <span class='ocrx_word' id='word_1_72' title='bbox 464 1760 508 1832; x_wconf 85' lang='grc' dir='ltr'>Τὸ</span> <span class='ocrx_word' id='word_1_73' title='bbox 531 1765 584 1831; x_wconf 81' lang='grc' dir='ltr'>ἐπὶ</span> <span class='ocrx_word' id='word_1_74' title='bbox 606 1770 646 1853; x_wconf 77' lang='grc' dir='ltr'>τῇ</span> <span class='ocrx_word' id='word_1_75' title='bbox 668 1765 761 1853; x_wconf 75' lang='grc' dir='ltr'><em>φακῇ</em></span> <span class='ocrx_word' id='word_1_76' title='bbox 781 1760 889 1850; x_wconf 77' lang='grc' dir='ltr'><em>μύρον</em></span> <span class='ocrx_word' id='word_1_77' title='bbox 913 1765 1055 1852; x_wconf 93' lang='lat' dir='ltr'>(Gellius</span> <span class='ocrx_word' id='word_1_78' title='bbox 1078 1765 1168 1830; x_wconf 86' lang='lat' dir='ltr'>XIII</span> <span class='ocrx_word' id='word_1_79' title='bbox 1191 1773 1247 1849; x_wconf 83' lang='lat'>29,</span> <span class='ocrx_word' id='word_1_80' title='bbox 1272 1768 1305 1850; x_wconf 81' lang='grc'>5)</span> 
     </span>
     <span class='ocr_line' id='line_1_12' title="bbox 385 1868 1106 1956; baseline 0.004 -21"><span class='ocrx_word' id='word_1_81' title='bbox 385 1880 434 1941; x_wconf 90' lang='grc'>16.</span> <span class='ocrx_word' id='word_1_82' title='bbox 459 1870 704 1935; x_wconf 79' lang='lat' dir='ltr'>Testamentum</span> <span class='ocrx_word' id='word_1_83' title='bbox 728 1868 870 1956; x_wconf 78' lang='lat' dir='ltr'>(Gellius</span> <span class='ocrx_word' id='word_1_84' title='bbox 893 1868 948 1933; x_wconf 89' lang='lat' dir='ltr'>III</span> <span class='ocrx_word' id='word_1_85' title='bbox 972 1878 1027 1951; x_wconf 84' lang='lat'>16,</span> <span class='ocrx_word' id='word_1_86' title='bbox 1052 1871 1106 1954; x_wconf 84' lang='lat'>13)</span> 
     </span>
     <span class='ocr_line' id='line_1_13' title="bbox 384 1968 1372 2059; baseline -0.004 -22"><span class='ocrx_word' id='word_1_87' title='bbox 384 1984 435 2043; x_wconf 87' lang='grc'><strong>17.</strong></span> <span class='ocrx_word' id='word_1_88' title='bbox 459 1972 597 2037; x_wconf 82' lang='lat' dir='ltr'>‘Satura</span> <span class='ocrx_word' id='word_1_89' title='bbox 623 1994 706 2059; x_wconf 92' lang='lat' dir='ltr'>quae</span> <span class='ocrx_word' id='word_1_90' title='bbox 729 1971 882 2036; x_wconf 79' lang='lat' dir='ltr'>scribitur</span> <span class='ocrx_word' id='word_1_91' title='bbox 911 1969 951 2035; x_wconf 91' lang='lat' dir='ltr'>de</span> <span class='ocrx_word' id='word_1_92' title='bbox 980 1968 1105 2035; x_wconf 88' lang='lat' dir='ltr'>salute&#39;</span> <span class='ocrx_word' id='word_1_93' title='bbox 1140 1969 1372 2056; x_wconf 82' lang='lat' dir='ltr'>(Philargyrus</span> 
     </span>
     <span class='ocr_line' id='line_1_14' title="bbox 542 2072 1017 2158; baseline 0 -22"><span class='ocrx_word' id='word_1_94' title='bbox 542 2075 578 2137; x_wconf 93' lang='lat' dir='ltr'>in</span> <span class='ocrx_word' id='word_1_95' title='bbox 599 2075 700 2158; x_wconf 81' lang='lat' dir='ltr'>Verg.</span> <span class='ocrx_word' id='word_1_96' title='bbox 723 2073 846 2157; x_wconf 86' lang='lat' dir='ltr'>Georg.</span> <span class='ocrx_word' id='word_1_97' title='bbox 870 2072 906 2137; x_wconf 92' lang='lat' dir='ltr'>II</span> <span class='ocrx_word' id='word_1_98' title='bbox 929 2073 1017 2158; x_wconf 88' lang='grc'><strong>336).</strong></span> 
     </span>
    </p>

    <p class='ocr_par' dir='ltr' id='par_1_3' title="bbox 252 2173 1373 2670">
     <span class='ocr_line' id='line_1_15' title="bbox 340 2173 1373 2243; baseline -0.001 -5"><span class='ocrx_word' id='word_1_99' title='bbox 340 2176 385 2239; x_wconf 91' lang='lat' dir='ltr'>Hi</span> <span class='ocrx_word' id='word_1_100' title='bbox 413 2176 572 2243; x_wconf 88' lang='lat' dir='ltr'>Varronis</span> <span class='ocrx_word' id='word_1_101' title='bbox 605 2175 684 2241; x_wconf 89' lang='lat' dir='ltr'>libri</span> <span class='ocrx_word' id='word_1_102' title='bbox 717 2197 790 2239; x_wconf 86' lang='lat' dir='ltr'>eum</span> <span class='ocrx_word' id='word_1_103' title='bbox 819 2173 880 2238; x_wconf 91' lang='lat' dir='ltr'>soli</span> <span class='ocrx_word' id='word_1_104' title='bbox 914 2186 1101 2240; x_wconf 88' lang='lat' dir='ltr'>saturarum</span> <span class='ocrx_word' id='word_1_105' title='bbox 1128 2174 1258 2240; x_wconf 93' lang='lat' dir='ltr'>nomine</span> <span class='ocrx_word' id='word_1_106' title='bbox 1288 2196 1373 2239; x_wconf 89' lang='lat' dir='ltr'>com-</span> 
     </span>
     <span class='ocr_line' id='line_1_16' title="bbox 253 2275 1372 2363; baseline -0.002 -20"><span class='ocrx_word' id='word_1_107' title='bbox 253 2288 493 2359; x_wconf 87' lang='lat' dir='ltr'>memorentur,</span> <span class='ocrx_word' id='word_1_108' title='bbox 523 2278 589 2341; x_wconf 91' lang='lat' dir='ltr'>iam</span> <span class='ocrx_word' id='word_1_109' title='bbox 611 2277 680 2342; x_wconf 88' lang='lat' dir='ltr'>fere</span> <span class='ocrx_word' id='word_1_110' title='bbox 703 2299 876 2363; x_wconf 90' lang='lat' dir='ltr'>possumus</span> <span class='ocrx_word' id='word_1_111' title='bbox 900 2277 1025 2359; x_wconf 80' lang='lat' dir='ltr'>dicere,</span> <span class='ocrx_word' id='word_1_112' title='bbox 1054 2300 1071 2341; x_wconf 93' lang='lat' dir='ltr'>e</span> <span class='ocrx_word' id='word_1_113' title='bbox 1094 2275 1292 2363; x_wconf 91' lang='lat' dir='ltr'>reliquorum</span> <span class='ocrx_word' id='word_1_114' title='bbox 1314 2299 1372 2341; x_wconf 90' lang='lat' dir='ltr'>nu-</span> 
     </span>
     <span class='ocr_line' id='line_1_17' title="bbox 252 2376 1373 2466; baseline -0.002 -21"><span class='ocrx_word' id='word_1_115' title='bbox 252 2403 344 2446; x_wconf 89' lang='lat' dir='ltr'>mero</span> <span class='ocrx_word' id='word_1_116' title='bbox 368 2402 490 2462; x_wconf 83' lang='lat' dir='ltr'>omnes,</span> <span class='ocrx_word' id='word_1_117' title='bbox 514 2380 571 2465; x_wconf 94' lang='lat' dir='ltr'>qui</span> <span class='ocrx_word' id='word_1_118' title='bbox 593 2401 699 2466; x_wconf 91' lang='lat' dir='ltr'>neque</span> <span class='ocrx_word' id='word_1_119' title='bbox 721 2378 879 2444; x_wconf 92' lang='lat' dir='ltr'>librorum</span> <span class='ocrx_word' id='word_1_120' title='bbox 904 2376 1093 2464; x_wconf 85' lang='lat' dir='ltr'>disciplinas</span> <span class='ocrx_word' id='word_1_121' title='bbox 1115 2376 1262 2463; x_wconf 82' lang='lat' dir='ltr'>singulas</span> <span class='ocrx_word' id='word_1_122' title='bbox 1278 2378 1373 2443; x_wconf 85' lang='lat' dir='ltr'>docte</span> 
     </span>
     <span class='ocr_line' id='line_1_18' title="bbox 253 2479 1373 2569; baseline -0.004 -22"><span class='ocrx_word' id='word_1_123' title='bbox 253 2482 488 2568; x_wconf 87' lang='lat' dir='ltr'>exponentium</span> <span class='ocrx_word' id='word_1_124' title='bbox 510 2503 615 2568; x_wconf 92' lang='lat' dir='ltr'>neque</span> <span class='ocrx_word' id='word_1_125' title='bbox 640 2480 905 2569; x_wconf 84' lang='lat' dir='ltr'>logistoricorum</span> <span class='ocrx_word' id='word_1_126' title='bbox 926 2479 980 2544; x_wconf 92' lang='lat' dir='ltr'>uel</span> <span class='ocrx_word' id='word_1_127' title='bbox 1001 2479 1373 2565; x_wconf 86' lang='lat' dir='ltr'>pseudotragoediarum</span> 
     </span>
     <span class='ocr_line' id='line_1_19' title="bbox 253 2581 1372 2670; baseline -0.002 -21"><span class='ocrx_word' id='word_1_128' title='bbox 253 2583 367 2649; x_wconf 87' lang='lat' dir='ltr'>titulos</span> <span class='ocrx_word' id='word_1_129' title='bbox 390 2584 598 2649; x_wconf 82' lang='grc'><strong>1161166111-</strong></span> <span class='ocrx_word' id='word_1_130' title='bbox 620 2584 676 2669; x_wconf 93' lang='lat' dir='ltr'>qui</span> <span class='ocrx_word' id='word_1_131' title='bbox 699 2582 811 2670; x_wconf 91' lang='lat' dir='ltr'>quales</span> <span class='ocrx_word' id='word_1_132' title='bbox 835 2582 960 2647; x_wconf 82' lang='lat' dir='ltr'>fuerint</span> <span class='ocrx_word' id='word_1_133' title='bbox 981 2582 1047 2646; x_wconf 91' lang='lat' dir='ltr'>iam</span> <span class='ocrx_word' id='word_1_134' title='bbox 1070 2581 1142 2646; x_wconf 81' lang='lat' dir='ltr'>dixi</span> <span class='ocrx_word' id='word_1_135' title='bbox 1157 2582 1300 2647; x_wconf 88' lang='lat' dir='ltr'>-inter</span> <span class='ocrx_word' id='word_1_136' title='bbox 1323 2605 1372 2647; x_wconf 90' lang='lat' dir='ltr'>sa·</span> 
     </span>
    </p>
   </div>
   <div class='ocr_carea' id='block_1_3' title="bbox 253 2683 1494 2751">
    <p class='ocr_par' dir='ltr' id='par_1_4' title="bbox 253 2683 1494 2751">
     <span class='ocr_line' id='line_1_20' title="bbox 253 2683 1494 2751; baseline -0.001 -1"><span class='ocrx_word' id='word_1_137' title='bbox 253 2696 346 2750; x_wconf 90' lang='lat' dir='ltr'>turas</span> <span class='ocrx_word' id='word_1_138' title='bbox 369 2707 440 2749; x_wconf 90' lang='grc'><strong>6666</strong></span> <span class='ocrx_word' id='word_1_139' title='bbox 464 2684 685 2751; x_wconf 89' lang='lat' dir='ltr'>collocandos.</span> <span class='ocrx_word' id='word_1_140' title='bbox 716 2683 781 2749; x_wconf 82' lang='lat' dir='ltr'>Sed</span> <span class='ocrx_word' id='word_1_141' title='bbox 800 2694 911 2749; x_wconf 87' lang='lat' dir='ltr'>tamen</span> <span class='ocrx_word' id='word_1_142' title='bbox 927 2684 1122 2750; x_wconf 90' lang='lat' dir='ltr'>certioribus</span> <span class='ocrx_word' id='word_1_143' title='bbox 1139 2684 1237 2749; x_wconf 91' lang='lat' dir='ltr'>etiam</span> <span class='ocrx_word' id='word_1_144' title='bbox 1252 2686 1373 2749; x_wconf 87' lang='lat' dir='ltr'>normis</span> <span class='ocrx_word' id='word_1_145' title='bbox 1492 2729 1494 2732; x_wconf 93' lang='lat'>-</span> 
     </span>
    </p>
   </div>
   <div class='ocr_carea' id='block_1_4' title="bbox 251 2784 1374 4303">
    <p class='ocr_par' dir='ltr' id='par_1_5' title="bbox 251 2784 1373 3178">
     <span class='ocr_line' id='line_1_21' title="bbox 251 2784 1373 2872; baseline -0.004 -20"><span class='ocrx_word' id='word_1_146' title='bbox 251 2787 307 2852; x_wconf 91' lang='lat' dir='ltr'>hic</span> <span class='ocrx_word' id='word_1_147' title='bbox 329 2796 515 2852; x_wconf 84' lang='lat' dir='ltr'>saturarum</span> <span class='ocrx_word' id='word_1_148' title='bbox 541 2786 711 2870; x_wconf 83' lang='lat' dir='ltr'>catalogus</span> <span class='ocrx_word' id='word_1_149' title='bbox 739 2786 856 2850; x_wconf 89' lang='lat' dir='ltr'>confici</span> <span class='ocrx_word' id='word_1_150' title='bbox 883 2795 1007 2872; x_wconf 84' lang='lat' dir='ltr'>potest;</span> <span class='ocrx_word' id='word_1_151' title='bbox 1036 2786 1089 2849; x_wconf 93' lang='lat' dir='ltr'>cui</span> <span class='ocrx_word' id='word_1_152' title='bbox 1115 2785 1246 2870; x_wconf 86' lang='lat' dir='ltr'>negotio</span> <span class='ocrx_word' id='word_1_153' title='bbox 1269 2784 1373 2851; x_wconf 91' lang='lat' dir='ltr'>absol-</span> 
     </span>
     <span class='ocr_line' id='line_1_22' title="bbox 251 2886 1372 2975; baseline -0.002 -22"><span class='ocrx_word' id='word_1_154' title='bbox 251 2888 361 2954; x_wconf 91' lang='lat' dir='ltr'>uendo</span> <span class='ocrx_word' id='word_1_155' title='bbox 385 2899 559 2975; x_wconf 88' lang='lat' dir='ltr'>postquam</span> <span class='ocrx_word' id='word_1_156' title='bbox 581 2887 740 2954; x_wconf 91' lang='lat' dir='ltr'>Oehlerus</span> <span class='ocrx_word' id='word_1_157' title='bbox 763 2913 795 2975; x_wconf 89' lang='lat' dir='ltr'>p.</span> <span class='ocrx_word' id='word_1_158' title='bbox 812 2897 851 2959; x_wconf 83' lang='lat'>52</span> <span class='ocrx_word' id='word_1_159' title='bbox 868 2911 938 2974; x_wconf 89' lang='lat' dir='ltr'>sqq.</span> <span class='ocrx_word' id='word_1_160' title='bbox 962 2897 995 2952; x_wconf 90' lang='grc'>61</span> <span class='ocrx_word' id='word_1_161' title='bbox 1009 2886 1176 2951; x_wconf 88' lang='lat' dir='ltr'>Vahlenus</span> <span class='ocrx_word' id='word_1_162' title='bbox 1197 2910 1230 2972; x_wconf 92' lang='lat' dir='ltr'>p.</span> <span class='ocrx_word' id='word_1_163' title='bbox 1246 2894 1307 2956; x_wconf 80' lang='lat'>203</span> <span class='ocrx_word' id='word_1_164' title='bbox 1324 2910 1372 2973; x_wconf 90' lang='lat' dir='ltr'>sq.</span> 
     </span>
     <span class='ocr_line' id='line_1_23' title="bbox 251 2987 1372 3077; baseline -0.002 -23"><span class='ocrx_word' id='word_1_165' title='bbox 251 2989 451 3055; x_wconf 86' lang='lat' dir='ltr'>laudabilem</span> <span class='ocrx_word' id='word_1_166' title='bbox 466 3011 601 3077; x_wconf 90' lang='lat' dir='ltr'>operam</span> <span class='ocrx_word' id='word_1_167' title='bbox 616 3002 788 3074; x_wconf 76' lang='lat' dir='ltr'>nauarunt,</span> <span class='ocrx_word' id='word_1_168' title='bbox 807 3013 874 3054; x_wconf 93' lang='lat' dir='ltr'>non</span> <span class='ocrx_word' id='word_1_169' title='bbox 889 2990 937 3054; x_wconf 93' lang='lat' dir='ltr'>ita</span> <span class='ocrx_word' id='word_1_170' title='bbox 952 2989 1054 3053; x_wconf 86' lang='lat' dir='ltr'>multa</span> <span class='ocrx_word' id='word_1_171' title='bbox 1069 2987 1223 3053; x_wconf 88' lang='lat' dir='ltr'>addenda</span> <span class='ocrx_word' id='word_1_172' title='bbox 1237 2999 1372 3054; x_wconf 89' lang='lat' dir='ltr'>restant.</span> 
     </span>
     <span class='ocr_line' id='line_1_24' title="bbox 338 3089 1371 3178; baseline -0.002 -23"><span class='ocrx_word' id='word_1_173' title='bbox 338 3092 485 3157; x_wconf 93' lang='lat' dir='ltr'>Primum</span> <span class='ocrx_word' id='word_1_174' title='bbox 507 3093 609 3177; x_wconf 85' lang='lat' dir='ltr'>igitur</span> <span class='ocrx_word' id='word_1_175' title='bbox 636 3093 713 3157; x_wconf 92' lang='lat' dir='ltr'>inde</span> <span class='ocrx_word' id='word_1_176' title='bbox 737 3092 999 3178; x_wconf 85' lang='lat' dir='ltr'>proficiscamur,</span> <span class='ocrx_word' id='word_1_177' title='bbox 1030 3090 1118 3178; x_wconf 90' lang='lat' dir='ltr'>quod</span> <span class='ocrx_word' id='word_1_178' title='bbox 1144 3089 1209 3154; x_wconf 91' lang='lat' dir='ltr'>illis</span> <span class='ocrx_word' id='word_1_179' title='bbox 1239 3090 1371 3172; x_wconf 86' lang='lat' dir='ltr'>saturis,</span> 
     </span>
    </p>

    <p class='ocr_par' dir='ltr' id='par_1_6' title="bbox 251 3192 1374 3998">
     <span class='ocr_line' id='line_1_25' title="bbox 253 3192 1372 3281; baseline -0.003 -23"><span class='ocrx_word' id='word_1_180' title='bbox 253 3216 336 3281; x_wconf 90' lang='lat' dir='ltr'>quas</span> <span class='ocrx_word' id='word_1_181' title='bbox 360 3195 504 3259; x_wconf 90' lang='lat' dir='ltr'>numeris</span> <span class='ocrx_word' id='word_1_182' title='bbox 527 3204 557 3263; x_wconf 88' lang='grc'><strong>4.</strong></span> <span class='ocrx_word' id='word_1_183' title='bbox 582 3204 632 3263; x_wconf 88' lang='grc'>11.</span> <span class='ocrx_word' id='word_1_184' title='bbox 658 3204 707 3264; x_wconf 88' lang='grc'>15.</span> <span class='ocrx_word' id='word_1_185' title='bbox 733 3202 772 3263; x_wconf 92' lang='grc'>16</span> <span class='ocrx_word' id='word_1_186' title='bbox 796 3216 896 3280; x_wconf 92' lang='lat' dir='ltr'>supra</span> <span class='ocrx_word' id='word_1_187' title='bbox 918 3192 1048 3277; x_wconf 84' lang='lat' dir='ltr'>addidi,</span> <span class='ocrx_word' id='word_1_188' title='bbox 1072 3214 1306 3279; x_wconf 91' lang='lat' dir='ltr'>nonnunquam</span> <span class='ocrx_word' id='word_1_189' title='bbox 1328 3192 1372 3256; x_wconf 94' lang='lat' dir='ltr'>al-</span> 
     </span>
     <span class='ocr_line' id='line_1_26' title="bbox 251 3290 1374 3381; baseline -0.004 -20"><span class='ocrx_word' id='word_1_190' title='bbox 251 3307 344 3361; x_wconf 89' lang='lat' dir='ltr'>terae</span> <span class='ocrx_word' id='word_1_191' title='bbox 370 3296 601 3381; x_wconf 88' lang='lat' dir='ltr'>inscriptiones</span> <span class='ocrx_word' id='word_1_192' title='bbox 632 3295 820 3359; x_wconf 89' lang='lat' dir='ltr'>adiciuntur</span> <span class='ocrx_word' id='word_1_193' title='bbox 850 3296 1038 3381; x_wconf 60' lang='grc'><strong>31666661),</strong></span> <span class='ocrx_word' id='word_1_194' title='bbox 1074 3317 1159 3381; x_wconf 92' lang='lat' dir='ltr'>quae</span> <span class='ocrx_word' id='word_1_195' title='bbox 1187 3316 1269 3360; x_wconf 91' lang='lat' dir='ltr'>uoce</span> <span class='ocrx_word' id='word_1_196' title='bbox 1297 3290 1374 3375; x_wconf 80' lang='grc' dir='ltr'>περὶ</span> 
     </span>
     <span class='ocr_line' id='line_1_27' title="bbox 253 3395 1371 3485; baseline -0.004 -23"><span class='ocrx_word' id='word_1_197' title='bbox 253 3397 297 3462; x_wconf 88' lang='lat' dir='ltr'>ad</span> <span class='ocrx_word' id='word_1_198' title='bbox 325 3420 426 3463; x_wconf 87' lang='lat' dir='ltr'>unam</span> <span class='ocrx_word' id='word_1_199' title='bbox 453 3420 563 3462; x_wconf 92' lang='lat' dir='ltr'>omnes</span> <span class='ocrx_word' id='word_1_200' title='bbox 596 3398 759 3485; x_wconf 89' lang='lat' dir='ltr'>incipiunt</span> <span class='ocrx_word' id='word_1_201' title='bbox 791 3406 1049 3484; x_wconf 85' lang='lat' dir='ltr'>argumentaque</span> <span class='ocrx_word' id='word_1_202' title='bbox 1081 3395 1239 3461; x_wconf 93' lang='lat' dir='ltr'>librorum</span> <span class='ocrx_word' id='word_1_203' title='bbox 1271 3396 1371 3480; x_wconf 87' lang='lat' dir='ltr'>signi·</span> 
     </span>
     <span class='ocr_line' id='line_1_28' title="bbox 254 3495 1373 3586; baseline -0.003 -22"><span class='ocrx_word' id='word_1_204' title='bbox 254 3500 364 3565; x_wconf 86' lang='lat' dir='ltr'>ficant.</span> <span class='ocrx_word' id='word_1_205' title='bbox 421 3500 518 3564; x_wconf 85' lang='lat' dir='ltr'>Tales</span> <span class='ocrx_word' id='word_1_206' title='bbox 543 3509 652 3564; x_wconf 87' lang='lat' dir='ltr'>autem</span> <span class='ocrx_word' id='word_1_207' title='bbox 684 3498 915 3586; x_wconf 91' lang='lat' dir='ltr'>inscriptiones</span> <span class='ocrx_word' id='word_1_208' title='bbox 948 3521 1022 3562; x_wconf 93' lang='lat' dir='ltr'>cum</span> <span class='ocrx_word' id='word_1_209' title='bbox 1054 3507 1210 3585; x_wconf 86' lang='lat' dir='ltr'>quattuor</span> <span class='ocrx_word' id='word_1_210' title='bbox 1242 3495 1373 3585; x_wconf 90' lang='lat' dir='ltr'>quidem</span> 
     </span>
     <span class='ocr_line' id='line_1_29' title="bbox 251 3592 1372 3687; baseline -0.001 -23"><span class='ocrx_word' id='word_1_211' title='bbox 251 3601 368 3684; x_wconf 81' lang='lat' dir='ltr'>libris,</span> <span class='ocrx_word' id='word_1_212' title='bbox 392 3623 473 3687; x_wconf 91' lang='lat' dir='ltr'>quos</span> <span class='ocrx_word' id='word_1_213' title='bbox 496 3611 624 3667; x_wconf 87' lang='lat' dir='ltr'>saturas</span> <span class='ocrx_word' id='word_1_214' title='bbox 647 3600 751 3665; x_wconf 82' lang='lat' dir='ltr'>fuisse</span> <span class='ocrx_word' id='word_1_215' title='bbox 774 3601 911 3683; x_wconf 86' lang='lat' dir='ltr'>scimus,</span> <span class='ocrx_word' id='word_1_216' title='bbox 940 3599 1022 3665; x_wconf 92' lang='lat' dir='ltr'>nulli</span> <span class='ocrx_word' id='word_1_217' title='bbox 1050 3609 1157 3664; x_wconf 89' lang='lat' dir='ltr'>autem</span> <span class='ocrx_word' id='word_1_218' title='bbox 1180 3622 1277 3686; x_wconf 94' lang='lat' dir='ltr'>quem</span> <span class='ocrx_word' id='word_1_219' title='bbox 1299 3592 1372 3663; x_wconf 86' lang='lat' dir='ltr'>con-</span> 
     </span>
     <span class='ocr_line' id='line_1_30' title="bbox 252 3701 1371 3784; baseline -0.003 -17"><span class='ocrx_word' id='word_1_220' title='bbox 252 3713 318 3768; x_wconf 89' lang='lat' dir='ltr'>stet</span> <span class='ocrx_word' id='word_1_221' title='bbox 347 3713 492 3768; x_wconf 90' lang='lat' dir='ltr'>saturam</span> <span class='ocrx_word' id='word_1_222' title='bbox 520 3726 586 3769; x_wconf 89' lang='lat' dir='ltr'>non</span> <span class='ocrx_word' id='word_1_223' title='bbox 613 3703 732 3781; x_wconf 84' lang='lat' dir='ltr'>fuisse,</span> <span class='ocrx_word' id='word_1_224' title='bbox 766 3702 888 3767; x_wconf 88' lang='lat' dir='ltr'>inditas</span> <span class='ocrx_word' id='word_1_225' title='bbox 919 3702 1141 3784; x_wconf 80' lang='lat' dir='ltr'>inueniamus,</span> <span class='ocrx_word' id='word_1_226' title='bbox 1165 3711 1277 3767; x_wconf 89' lang='lat' dir='ltr'>nostro</span> <span class='ocrx_word' id='word_1_227' title='bbox 1301 3701 1371 3764; x_wconf 93' lang='lat' dir='ltr'>iure</span> 
     </span>
     <span class='ocr_line' id='line_1_31' title="bbox 252 3802 1372 3890; baseline -0.004 -20"><span class='ocrx_word' id='word_1_228' title='bbox 252 3803 497 3887; x_wconf 83' lang='lat' dir='ltr'>concludimus,</span> <span class='ocrx_word' id='word_1_229' title='bbox 543 3804 602 3870; x_wconf 85' lang='lat' dir='ltr'>has</span> <span class='ocrx_word' id='word_1_230' title='bbox 632 3803 731 3869; x_wconf 92' lang='lat' dir='ltr'>nullis</span> <span class='ocrx_word' id='word_1_231' title='bbox 767 3805 831 3869; x_wconf 85' lang='lat' dir='ltr'>nisi</span> <span class='ocrx_word' id='word_1_232' title='bbox 862 3813 1048 3868; x_wconf 86' lang='lat' dir='ltr'>saturarum</span> <span class='ocrx_word' id='word_1_233' title='bbox 1076 3802 1169 3870; x_wconf 90' lang='lat' dir='ltr'>libris</span> <span class='ocrx_word' id='word_1_234' title='bbox 1201 3804 1372 3890; x_wconf 85' lang='lat' dir='ltr'>impositas</span> 
     </span>
     <span class='ocr_line' id='line_1_32' title="bbox 251 3903 1230 3998; baseline 0 -28"><span class='ocrx_word' id='word_1_235' title='bbox 251 3907 366 3971; x_wconf 83' lang='lat' dir='ltr'>fuisse.</span> <span class='ocrx_word' id='word_1_236' title='bbox 396 3905 561 3971; x_wconf 82' lang='lat' dir='ltr'>Addimus</span> <span class='ocrx_word' id='word_1_237' title='bbox 584 3908 686 3991; x_wconf 85' lang='lat' dir='ltr'>igitur</span> <span class='ocrx_word' id='word_1_238' title='bbox 707 3906 809 3970; x_wconf 88' lang='lat' dir='ltr'>indici</span> <span class='ocrx_word' id='word_1_239' title='bbox 830 3916 944 3998; x_wconf 81' lang='lat' dir='ltr'>nostro</span> <span class='ocrx_word' id='word_1_240' title='bbox 966 3903 1064 3971; x_wconf 91' lang='lat' dir='ltr'>hosce</span> <span class='ocrx_word' id='word_1_241' title='bbox 1084 3904 1230 3972; x_wconf 85' lang='lat' dir='ltr'>libellos:</span> 
     </span>
    </p>

    <p class='ocr_par' dir='ltr' id='par_1_7' title="bbox 407 4000 1189 4095">
     <span class='ocr_line' id='line_1_33' title="bbox 407 4000 1189 4095; baseline -0.01 -18"><span class='ocrx_word' id='word_1_242' title='bbox 407 4019 456 4080; x_wconf 88' lang='lat'>18.</span> <span class='ocrx_word' id='word_1_243' title='bbox 481 4009 681 4093; x_wconf 84' lang='lat' dir='ltr'>Aborigines</span> <span class='ocrx_word' id='word_1_244' title='bbox 707 4005 798 4095; x_wconf 77' lang='grc' dir='ltr'><strong>(περὶ</strong></span> <span class='ocrx_word' id='word_1_245' title='bbox 821 4000 1018 4089; x_wconf 76' lang='grc' dir='ltr'><em>ἀνθρώπων</em></span> <span class='ocrx_word' id='word_1_246' title='bbox 1040 4002 1189 4091; x_wconf 82' lang='grc' dir='ltr'><strong>φύσεως)</strong></span> 
     </span>
    </p>

    <p class='ocr_par' dir='ltr' id='par_1_8' title="bbox 408 4102 1131 4195">
     <span class='ocr_line' id='line_1_34' title="bbox 408 4102 1131 4195; baseline -0.01 -17"><span class='ocrx_word' id='word_1_247' title='bbox 408 4120 458 4180; x_wconf 88' lang='grc'>19.</span> <span class='ocrx_word' id='word_1_248' title='bbox 472 4102 603 4193; x_wconf 72' lang='grc' dir='ltr'><strong><em>’Ἁμμον</em></strong></span> <span class='ocrx_word' id='word_1_249' title='bbox 624 4120 755 4195; x_wconf 62' lang='lat' dir='ltr'>perpete</span> <span class='ocrx_word' id='word_1_250' title='bbox 778 4106 870 4194; x_wconf 80' lang='grc' dir='ltr'><strong>(περὶ</strong></span> <span class='ocrx_word' id='word_1_251' title='bbox 893 4110 1131 4193; x_wconf 76' lang='grc' dir='ltr'>φιλαργυρίας)</span> 
     </span>
    </p>

    <p class='ocr_par' dir='ltr' id='par_1_9' title="bbox 408 4204 1130 4303">
     <span class='ocr_line' id='line_1_35' title="bbox 408 4204 1130 4303; baseline -0.008 -24"><span class='ocrx_word' id='word_1_252' title='bbox 408 4220 459 4303; x_wconf 71' lang='grc'><strong>211.</strong></span> <span class='ocrx_word' id='word_1_253' title='bbox 480 4204 757 4297; x_wconf 77' lang='grc' dir='ltr'><strong><em>Ἀνθρωπόπολις</em></strong></span> <span class='ocrx_word' id='word_1_254' title='bbox 781 4208 873 4297; x_wconf 77' lang='grc' dir='ltr'><strong>(περὶ</strong></span> <span class='ocrx_word' id='word_1_255' title='bbox 895 4211 1130 4295; x_wconf 80' lang='grc' dir='ltr'>γενεθλιακῆς)</span> 
     </span>
    </p>
   </div>
   <div class='ocr_carea' id='block_1_5' title="bbox 249 4380 1373 4706">
    <p class='ocr_par' dir='ltr' id='par_1_10' title="bbox 249 4380 1373 4706">
     <span class='ocr_line' id='line_1_36' title="bbox 341 4380 1373 4452; baseline -0.005 -17"><span class='ocrx_word' id='word_1_256' title='bbox 341 4384 367 4450; x_wconf 82' lang='grc'>2)</span> <span class='ocrx_word' id='word_1_257' title='bbox 390 4384 570 4452; x_wconf 76' lang='grc' dir='ltr'><em>Σκιαμαχία,</em></span> <span class='ocrx_word' id='word_1_258' title='bbox 590 4384 656 4450; x_wconf 81' lang='grc' dir='ltr'><strong>περὶ</strong></span> <span class='ocrx_word' id='word_1_259' title='bbox 674 4381 768 4448; x_wconf 77' lang='grc' dir='ltr'><strong>τύφου</strong></span> <span class='ocrx_word' id='word_1_260' title='bbox 788 4384 902 4449; x_wconf 88' lang='lat' dir='ltr'>(Nonius</span> <span class='ocrx_word' id='word_1_261' title='bbox 921 4400 946 4448; x_wconf 87' lang='lat' dir='ltr'>p·</span> <span class='ocrx_word' id='word_1_262' title='bbox 968 4386 1007 4434; x_wconf 87' lang='lat'>10.</span> <span class='ocrx_word' id='word_1_263' title='bbox 1028 4385 1084 4433; x_wconf 88' lang='lat'><strong>131.</strong></span> <span class='ocrx_word' id='word_1_264' title='bbox 1105 4385 1163 4433; x_wconf 87' lang='grc'><strong>292.</strong></span> <span class='ocrx_word' id='word_1_265' title='bbox 1182 4381 1252 4443; x_wconf 88' lang='grc'><strong>489).</strong></span> <span class='ocrx_word' id='word_1_266' title='bbox 1288 4380 1373 4431; x_wconf 80' lang='lat' dir='ltr'>Flex-</span> 
     </span>
     <span class='ocr_line' id='line_1_37' title="bbox 251 4458 1372 4535; baseline -0.004 -14"><span class='ocrx_word' id='word_1_267' title='bbox 251 4471 380 4534; x_wconf 82' lang='lat' dir='ltr'>tabulae‚</span> <span class='ocrx_word' id='word_1_268' title='bbox 405 4469 471 4533; x_wconf 79' lang='grc' dir='ltr'><em>περὶ</em></span> <span class='ocrx_word' id='word_1_269' title='bbox 496 4461 639 4535; x_wconf 79' lang='grc' dir='ltr'><strong><em>ἐπαρχιῶν</em></strong></span> <span class='ocrx_word' id='word_1_270' title='bbox 663 4470 740 4533; x_wconf 90' lang='lat' dir='ltr'>(ibid.</span> <span class='ocrx_word' id='word_1_271' title='bbox 764 4486 789 4535; x_wconf 90' lang='lat' dir='ltr'>p.</span> <span class='ocrx_word' id='word_1_272' title='bbox 809 4472 849 4522; x_wconf 80' lang='lat'>27.</span> <span class='ocrx_word' id='word_1_273' title='bbox 869 4469 910 4518; x_wconf 87' lang='grc'><strong>28.</strong></span> <span class='ocrx_word' id='word_1_274' title='bbox 929 4469 970 4518; x_wconf 90' lang='grc'><strong>82.</strong></span> <span class='ocrx_word' id='word_1_275' title='bbox 993 4470 1052 4517; x_wconf 88' lang='grc'><strong>219.</strong></span> <span class='ocrx_word' id='word_1_276' title='bbox 1075 4470 1133 4519; x_wconf 82' lang='grc'><strong>391,</strong></span> <span class='ocrx_word' id='word_1_277' title='bbox 1156 4466 1227 4529; x_wconf 84' lang='grc'><strong>458).</strong></span> <span class='ocrx_word' id='word_1_278' title='bbox 1265 4462 1305 4516; x_wconf 86' lang='grc' dir='ltr'>Τὸ</span> <span class='ocrx_word' id='word_1_279' title='bbox 1324 4458 1372 4517; x_wconf 74' lang='grc' dir='ltr'>ἐπὶ</span> 
     </span>
     <span class='ocr_line' id='line_1_38' title="bbox 250 4545 1371 4622; baseline -0.005 -17"><span class='ocrx_word' id='word_1_280' title='bbox 250 4555 284 4621; x_wconf 79' lang='grc' dir='ltr'>τῇ</span> <span class='ocrx_word' id='word_1_281' title='bbox 304 4554 385 4621; x_wconf 82' lang='grc' dir='ltr'><em>φακῇ</em></span> <span class='ocrx_word' id='word_1_282' title='bbox 403 4548 503 4621; x_wconf 77' lang='grc' dir='ltr'><strong>μύρον,</strong></span> <span class='ocrx_word' id='word_1_283' title='bbox 522 4553 587 4622; x_wconf 80' lang='grc' dir='ltr'><em>περὶ</em></span> <span class='ocrx_word' id='word_1_284' title='bbox 606 4545 746 4619; x_wconf 62' lang='lat' dir='ltr'>eriperetur</span> <span class='ocrx_word' id='word_1_285' title='bbox 765 4553 842 4617; x_wconf 88' lang='lat' dir='ltr'>(ibid.</span> <span class='ocrx_word' id='word_1_286' title='bbox 862 4570 889 4617; x_wconf 92' lang='lat' dir='ltr'>p.</span> <span class='ocrx_word' id='word_1_287' title='bbox 910 4554 950 4603; x_wconf 83' lang='grc'>71.</span> <span class='ocrx_word' id='word_1_288' title='bbox 972 4553 1029 4604; x_wconf 83' lang='grc'><strong>156.</strong></span> <span class='ocrx_word' id='word_1_289' title='bbox 1048 4551 1118 4617; x_wconf 84' lang='grc'><strong>216).</strong></span> <span class='ocrx_word' id='word_1_290' title='bbox 1154 4553 1371 4609; x_wconf 84' lang='lat' dir='ltr'>Testamentum,</span> 
     </span>
     <span class='ocr_line' id='line_1_39' title="bbox 249 4636 868 4706; baseline -0.008 -15"><span class='ocrx_word' id='word_1_291' title='bbox 249 4636 315 4706; x_wconf 80' lang='grc' dir='ltr'><strong><em>περὶ</em></strong></span> <span class='ocrx_word' id='word_1_292' title='bbox 335 4638 489 4705; x_wconf 74' lang='grc' dir='ltr'>διαθηκῶν</span> <span class='ocrx_word' id='word_1_293' title='bbox 508 4640 585 4704; x_wconf 90' lang='lat' dir='ltr'>(ibid.</span> <span class='ocrx_word' id='word_1_294' title='bbox 605 4656 630 4705; x_wconf 89' lang='lat' dir='ltr'>p.</span> <span class='ocrx_word' id='word_1_295' title='bbox 651 4642 692 4692; x_wconf 78' lang='lat'>77.</span> <span class='ocrx_word' id='word_1_296' title='bbox 713 4639 770 4691; x_wconf 81' lang='lat'>158.</span> <span class='ocrx_word' id='word_1_297' title='bbox 789 4636 868 4702; x_wconf 81' lang='lat'>478).</span> 
     </span>
    </p>
   </div>
   <div class='ocr_carea' id='block_1_6' title="bbox 0 0 1784 5709">
    <p class='ocr_par' dir='ltr' id='par_1_11' title="bbox 0 0 1784 5709">
     <span class='ocr_line' id='line_1_40' title="bbox 0 0 1784 5709; baseline 0 0"><span class='ocrx_word' id='word_1_298' title='bbox 0 0 1784 5709; x_wconf 95' lang='lat' dir='ltr'> </span> 
     </span>
    </p>
   </div>
  </div>
 </body>
</html>
