3559 5709
439 728 501 776 XIV
747 726 972 776 conmanunt
995 726 1042 775 ΕΤ.
1061 725 1242 775 ADDBNDA.

439 886 628 966 Menippeis,
653 886 707 965 qui
721 885 900 945 inscribitur
922 887 1049 946 ‘Nescis
1072 886 1148 965 qnid
1163 904 1276 965 uesper
1291 884 1411 957 uchat',
1435 886 1467 943 in
1492 906 1555 965 quo

439 990 637 1053 conuiuarum
659 1006 819 1048 numerum
841 988 899 1047 hac
920 988 990 1067 lege
1013 989 1134 1062 definit,
1158 998 1192 1047 ut
1214 1007 1318 1067 neque
1340 988 1439 1047 minor
1461 1008 1556 1066 quarn

440 1089 614 1151 Gratiarum
636 1091 676 1150 sit
698 1110 800 1170 usquc
823 1110 914 1169 quam
928 1090 1086 1170 Musarum
1108 1092 1326 1150 numerosior'.
1368 1089 1455 1149 Idem
1477 1086 1555 1149 ibid.

438 1192 528 1265 118,
552 1192 570 1248 2
593 1178 639 1271 sq.
664 1192 774 1253 ‘Multi
795 1200 830 1251 nt
852 1192 980 1252 aestimo
1002 1194 1035 1251 in
1063 1192 1122 1251 hoc
1144 1212 1162 1250 a
1185 1192 1325 1251 Varrone
1354 1191 1554 1263 dissentiunt,

375 1276 379 1286 ¹
438 1295 491 1373 qui
506 1294 538 1352 in
554 1292 608 1353 illa
621 1293 813 1373 lepidissima
827 1303 932 1354 satura
946 1295 1124 1373 Menippea,
1143 1312 1224 1374 quae
1238 1293 1416 1353 inscribitur
1432 1292 1555 1353 ‘Nescis

438 1394 513 1474 quid
536 1414 648 1473 uesper
669 1394 779 1455 uehat’
792 1395 843 1455 'dc
865 1396 1003 1457 secunda
1017 1416 1124 1472 mensa
1145 1396 1305 1475 placentas
1324 1396 1458 1455 rcmouit
1482 1439 1488 1453 .
1514 1439 1521 1454 .
1546 1436 1555 1453 .

329 1483 334 1494 ¹
436 1497 538 1557 Locus
553 1497 701 1557 Varronis
725 1542 731 1555 .
756 1541 764 1556 .
788 1541 795 1556 .
818 1499 850 1556 in
866 1498 914 1558 his
929 1497 995 1559 fera
1009 1498 1112 1558 uerbis
1129 1509 1190 1558 cst:
1220 1498 1356 1558 Bellaria
1371 1516 1408 1557 ca
1422 1498 1555 1556 maxime

335 1656 340 1668 ‚
437 1609 510 1660 sunt
531 1599 648 1659 mollita
670 1618 751 1679 quac
772 1598 889 1659 mellita
911 1620 975 1660 non
998 1608 1086 1675 sunt3
1110 1600 1247 1661 dulcibus
1271 1602 1439 1661 enimcum
1460 1594 1554 1669 πέψει

436 1702 566 1761 societas
588 1700 712 1761 infida'.
756 1700 928 1781 Sequentia
949 1700 1150 1781 ‘Significant
1172 1712 1275 1764 autem
1296 1703 1426 1764 bellaria
1449 1746 1456 1758 .
1481 1748 1488 1761 .
1513 1747 1520 1760 .
1546 1747 1554 1760 .

427 1803 542 1864 ‘Liberi
570 1802 855 1863 bellaria'·cisdem
884 1804 950 1864 fere
978 1805 1096 1878 uerbis,
1127 1805 1239 1884 quibus
1263 1799 1398 1877 Gallius,
1427 1804 1555 1863 exhibet

436 1890 610 1966 Macrobius
632 1888 821 1985 redactaque
843 1907 875 1965 in
904 1907 1030 1966 breuius
1052 1906 1186 1967 Ioannes
1213 1906 1447 1967 Sarisberiensis
1470 1906 1553 1965 Poli-

436 2009 549 2068 cratico
571 2007 652 2068 VIII
674 2009 692 2066 7
715 2007 768 2067 ubi
791 2008 866 2067 dicit
888 1982 1012 2069 ‘Vtiiur
1033 2017 1134 2069 autem
1156 2009 1214 2069 hoc
1236 2010 1360 2070 nominc
1384 2008 1553 2067 M.·varr0.

436 2110 584 2185 Bellaria,
613 2110 731 2190 inquit,
760 2129 797 2170 ca
822 2110 953 2178 maxime
980 2111 1098 2172 mellita
1124 2121 1212 2185 sunt,
1242 2130 1323 2192 quae
1350 2109 1466 2172 mollita
1488 2130 1552 2169 non

435 2216 531 2273 sunt'

499 2336 530 2395 p.
549 2316 607 2375 181
631 2312 651 2390 l.
677 2315 716 2374 13
739 2334 757 2374 a
778 2314 830 2373 fin.
854 2296 923 2394 lage
946 2314 1116 2391 ‘pedester’.

499 2438 530 2497 p.
548 2417 624 2491 240,
642 2418 681 2475 15
704 2436 750 2497 sq.
773 2416 866 2476 Hunc
887 2417 1018 2492 locum,.
1030 2438 1120 2498 quem
1142 2417 1320 2477 dubitanter
1332 2418 1464 2478 Varroni
1481 2417 1551 2477 reli-

344 2537 352 2545 ’
437 2520 502 2598 qui,
526 2539 594 2579 sero
615 2518 681 2578 uidi
703 2539 720 2578 e
743 2519 842 2578 Lucili
863 2518 918 2578 lib.
934 2518 981 2593 IV
1003 2519 1045 2598 fg.
1069 2522 1087 2578 6
1111 2519 1195 2581 Gerl.
1218 2518 1284 2598 (ap.
1302 2519 1366 2579 cic.
1390 2520 1428 2579 de
1449 2520 1502 2579 fin.
1519 2521 1553 2579 II

437 2623 471 2694 8,
489 2619 543 2698 23)
567 2622 696 2700 petitum
713 2640 790 2680 csse.

499 2743 530 2803 p.
547 2724 609 2783 250
628 2723 670 2801 fg.
686 2723 807 2784 XXIV.
840 2723 921 2781 Num
935 2715 1098 2802 legendum
1115 2723 1283 2797 ‘probibent
1302 2742 1426 2798 puerum
1449 2728 1553 2783 bonum

434 2828 539 2902 fieri'?

501 3012 617 3093 Scripsi
640 3012 896 3075 Hnmnnnnansn
919 3033 1023 3076 mense
1045 3013 1157 3081 Martio
1180 3035 1207 3073 a.
1230 3029 1410 3074 nnocouv.
