<?xml version="1.0" encoding="UTF-8"?>
<!DOCTYPE html PUBLIC "-//W3C//DTD XHTML 1.0 Transitional//EN"
    "http://www.w3.org/TR/xhtml1/DTD/xhtml1-transitional.dtd">
<html xmlns="http://www.w3.org/1999/xhtml" xml:lang="en" lang="en">
 <head>
  <title>
</title>
<meta http-equiv="Content-Type" content="text/html;charset=utf-8" />
  <meta name='ocr-system' content='tesseract 3.04.00' />
  <meta name='ocr-capabilities' content='ocr_page ocr_carea ocr_par ocr_line ocrx_word'/>
</head>
<body>
  <div class='ocr_page' id='page_1' title='image "./saturarummenipp00riesgoog_0082.png"; bbox 0 0 3559 5709; ppageno 0'>
   <div class='ocr_carea' id='block_1_1' title="bbox 338 696 986 761">
    <p class='ocr_par' dir='ltr' id='par_1_1' title="bbox 338 696 986 761">
     <span class='ocr_line' id='line_1_1' title="bbox 338 696 986 761; baseline -0.011 0"><span class='ocrx_word' id='word_1_1' title='bbox 338 696 379 761; x_wconf 77' lang='grc'>58</span> <span class='ocrx_word' id='word_1_2' title='bbox 806 699 935 756; x_wconf 77' lang='lat' dir='ltr'>CAPVT</span> <span class='ocrx_word' id='word_1_3' title='bbox 964 699 986 755; x_wconf 92' lang='lat' dir='ltr'>ll</span> 
     </span>
    </p>
   </div>
   <div class='ocr_carea' id='block_1_2' title="bbox 296 861 1493 4738">
    <p class='ocr_par' dir='ltr' id='par_1_2' title="bbox 335 861 1493 3580">
     <span class='ocr_line' id='line_1_2' title="bbox 339 861 1457 953; baseline -0.004 -22"><span class='ocrx_word' id='word_1_4' title='bbox 339 865 531 953; x_wconf 89' lang='lat' dir='ltr'>quisitione,</span> <span class='ocrx_word' id='word_1_5' title='bbox 566 886 665 951; x_wconf 92' lang='lat' dir='ltr'>quam</span> <span class='ocrx_word' id='word_1_6' title='bbox 696 885 783 927; x_wconf 92' lang='lat' dir='ltr'>nunc</span> <span class='ocrx_word' id='word_1_7' title='bbox 817 862 992 946; x_wconf 88' lang='lat' dir='ltr'>aggredior</span> <span class='ocrx_word' id='word_1_8' title='bbox 998 910 1007 943; x_wconf 93' lang='lat'>,</span> <span class='ocrx_word' id='word_1_9' title='bbox 1041 861 1143 928; x_wconf 88' lang='lat' dir='ltr'>multo</span> <span class='ocrx_word' id='word_1_10' title='bbox 1170 864 1277 927; x_wconf 91' lang='lat' dir='ltr'>minus</span> <span class='ocrx_word' id='word_1_11' title='bbox 1304 863 1368 928; x_wconf 94' lang='lat' dir='ltr'>hoe</span> <span class='ocrx_word' id='word_1_12' title='bbox 1396 864 1457 927; x_wconf 89' lang='lat' dir='ltr'>erit</span> 
     </span>
     <span class='ocr_line' id='line_1_3' title="bbox 338 963 1456 1053; baseline -0.001 -22"><span class='ocrx_word' id='word_1_13' title='bbox 338 966 596 1053; x_wconf 87' lang='lat' dir='ltr'>respiciendum,</span> <span class='ocrx_word' id='word_1_14' title='bbox 619 988 697 1030; x_wconf 92' lang='lat' dir='ltr'>num</span> <span class='ocrx_word' id='word_1_15' title='bbox 720 965 953 1030; x_wconf 89' lang='lat' dir='ltr'>sententiae</span> <span class='ocrx_word' id='word_1_16' title='bbox 976 965 1040 1029; x_wconf 90' lang='lat' dir='ltr'>sint</span> <span class='ocrx_word' id='word_1_17' title='bbox 1063 987 1139 1030; x_wconf 91' lang='lat' dir='ltr'>uere</span> <span class='ocrx_word' id='word_1_18' title='bbox 1161 963 1310 1051; x_wconf 78' lang='lat' dir='ltr'>poeticae</span> <span class='ocrx_word' id='word_1_19' title='bbox 1327 1002 1364 1012; x_wconf 96' lang='lat'><em>—</em></span> <span class='ocrx_word' id='word_1_20' title='bbox 1380 985 1456 1030; x_wconf 85' lang='lat' dir='ltr'>nam</span> 
     </span>
     <span class='ocr_line' id='line_1_4' title="bbox 340 1065 1456 1152; baseline -0.003 -19"><span class='ocrx_word' id='word_1_21' title='bbox 340 1068 538 1134; x_wconf 78' lang='lat' dir='ltr'>carminibus</span> <span class='ocrx_word' id='word_1_22' title='bbox 568 1090 619 1132; x_wconf 89' lang='lat' dir='ltr'>res</span> <span class='ocrx_word' id='word_1_23' title='bbox 648 1076 775 1132; x_wconf 89' lang='lat' dir='ltr'>tantum</span> <span class='ocrx_word' id='word_1_24' title='bbox 797 1089 874 1131; x_wconf 90' lang='lat' dir='ltr'>uere</span> <span class='ocrx_word' id='word_1_25' title='bbox 897 1067 1042 1152; x_wconf 86' lang='lat' dir='ltr'>poeticas</span> <span class='ocrx_word' id='word_1_26' title='bbox 1067 1065 1251 1131; x_wconf 82' lang='lat' dir='ltr'>describere</span> <span class='ocrx_word' id='word_1_27' title='bbox 1272 1066 1456 1131; x_wconf 88' lang='lat' dir='ltr'>Varronem</span> 
     </span>
     <span class='ocr_line' id='line_1_5' title="bbox 338 1167 1456 1257; baseline 0 -24"><span class='ocrx_word' id='word_1_28' title='bbox 338 1193 543 1257; x_wconf 86' lang='lat' dir='ltr'>nequaquam</span> <span class='ocrx_word' id='word_1_29' title='bbox 577 1168 707 1255; x_wconf 90' lang='lat' dir='ltr'>quidem</span> <span class='ocrx_word' id='word_1_30' title='bbox 743 1168 880 1234; x_wconf 90' lang='lat' dir='ltr'>dubium</span> <span class='ocrx_word' id='word_1_31' title='bbox 911 1177 961 1234; x_wconf 88' lang='lat' dir='ltr'>est</span> <span class='ocrx_word' id='word_1_32' title='bbox 979 1168 1175 1233; x_wconf 73' lang='lat' dir='ltr'>describere</span> <span class='ocrx_word' id='word_1_33' title='bbox 1202 1167 1363 1251; x_wconf 87' lang='lat' dir='ltr'>uoluisse,</span> <span class='ocrx_word' id='word_1_34' title='bbox 1399 1167 1456 1233; x_wconf 87' lang='lat' dir='ltr'>scd</span> 
     </span>
     <span class='ocr_line' id='line_1_6' title="bbox 338 1270 1457 1357; baseline -0.003 -20"><span class='ocrx_word' id='word_1_35' title='bbox 338 1272 421 1338; x_wconf 91' lang='lat' dir='ltr'>bone</span> <span class='ocrx_word' id='word_1_36' title='bbox 443 1271 503 1336; x_wconf 90' lang='lat' dir='ltr'>has</span> <span class='ocrx_word' id='word_1_37' title='bbox 528 1272 712 1336; x_wconf 90' lang='lat' dir='ltr'>discernere</span> <span class='ocrx_word' id='word_1_38' title='bbox 734 1293 800 1336; x_wconf 92' lang='grc'>161</span> <span class='ocrx_word' id='word_1_39' title='bbox 823 1271 945 1357; x_wconf 91' lang='lat' dir='ltr'>ubique</span> <span class='ocrx_word' id='word_1_40' title='bbox 973 1270 1104 1334; x_wconf 90' lang='lat' dir='ltr'>uidetur</span> <span class='ocrx_word' id='word_1_41' title='bbox 1125 1271 1272 1357; x_wconf 85' lang='lat' dir='ltr'>potuisse</span> <span class='ocrx_word' id='word_1_42' title='bbox 1293 1307 1337 1318; x_wconf 90' lang='lat'>—-</span> <span class='ocrx_word' id='word_1_43' title='bbox 1358 1291 1457 1356; x_wconf 90' lang='lat' dir='ltr'>quam</span> 
     </span>
     <span class='ocr_line' id='line_1_7' title="bbox 337 1371 1456 1459; baseline -0.002 -20"><span class='ocrx_word' id='word_1_44' title='bbox 337 1374 476 1440; x_wconf 87' lang='lat' dir='ltr'>alterum</span> <span class='ocrx_word' id='word_1_45' title='bbox 491 1373 583 1457; x_wconf 91' lang='lat' dir='ltr'>illud,</span> <span class='ocrx_word' id='word_1_46' title='bbox 600 1396 678 1438; x_wconf 91' lang='lat' dir='ltr'>num</span> <span class='ocrx_word' id='word_1_47' title='bbox 692 1374 816 1438; x_wconf 89' lang='lat' dir='ltr'>uerba</span> <span class='ocrx_word' id='word_1_48' title='bbox 838 1381 941 1436; x_wconf 86' lang='lat' dir='ltr'>artem</span> <span class='ocrx_word' id='word_1_49' title='bbox 957 1371 1125 1437; x_wconf 79' lang='lat' dir='ltr'>redoleant</span> <span class='ocrx_word' id='word_1_50' title='bbox 1139 1371 1317 1459; x_wconf 83' lang='lat' dir='ltr'>poeticam3</span> <span class='ocrx_word' id='word_1_51' title='bbox 1334 1372 1456 1437; x_wconf 89' lang='lat' dir='ltr'>omnia·</span> 
     </span>
     <span class='ocr_line' id='line_1_8' title="bbox 338 1473 1457 1562; baseline -0.001 -22"><span class='ocrx_word' id='word_1_52' title='bbox 338 1498 400 1562; x_wconf 91' lang='lat' dir='ltr'>que</span> <span class='ocrx_word' id='word_1_53' title='bbox 414 1478 600 1560; x_wconf 88' lang='lat' dir='ltr'>fragmenta</span> <span class='ocrx_word' id='word_1_54' title='bbox 615 1497 753 1562; x_wconf 89' lang='lat' dir='ltr'>quorum</span> <span class='ocrx_word' id='word_1_55' title='bbox 768 1475 871 1539; x_wconf 90' lang='lat' dir='ltr'>uerba</span> <span class='ocrx_word' id='word_1_56' title='bbox 885 1475 944 1539; x_wconf 89' lang='lat' dir='ltr'>tali</span> <span class='ocrx_word' id='word_1_57' title='bbox 960 1485 1030 1539; x_wconf 86' lang='lat' dir='ltr'>arte</span> <span class='ocrx_word' id='word_1_58' title='bbox 1045 1482 1167 1555; x_wconf 83' lang='lat' dir='ltr'>carent,</span> <span class='ocrx_word' id='word_1_59' title='bbox 1190 1474 1276 1539; x_wconf 90' lang='lat' dir='ltr'>inter</span> <span class='ocrx_word' id='word_1_60' title='bbox 1289 1473 1457 1562; x_wconf 82' lang='lat' dir='ltr'>pedestria</span> 
     </span>
     <span class='ocr_line' id='line_1_9' title="bbox 337 1575 1456 1663; baseline -0.002 -22"><span class='ocrx_word' id='word_1_61' title='bbox 337 1577 507 1643; x_wconf 85' lang='lat' dir='ltr'>referenda</span> <span class='ocrx_word' id='word_1_62' title='bbox 530 1589 641 1662; x_wconf 71' lang='lat' dir='ltr'>erunt,</span> <span class='ocrx_word' id='word_1_63' title='bbox 665 1587 779 1643; x_wconf 86' lang='lat' dir='ltr'>contra</span> <span class='ocrx_word' id='word_1_64' title='bbox 800 1577 987 1663; x_wconf 88' lang='lat' dir='ltr'>ubicunque</span> <span class='ocrx_word' id='word_1_65' title='bbox 1010 1577 1090 1640; x_wconf 89' lang='lat' dir='ltr'>haec</span> <span class='ocrx_word' id='word_1_66' title='bbox 1113 1597 1166 1640; x_wconf 91' lang='lat' dir='ltr'>ars</span> <span class='ocrx_word' id='word_1_67' title='bbox 1188 1575 1387 1658; x_wconf 87' lang='lat' dir='ltr'>inuenietur,</span> <span class='ocrx_word' id='word_1_68' title='bbox 1410 1576 1456 1642; x_wconf 90' lang='lat' dir='ltr'>ibi</span> 
     </span>
     <span class='ocr_line' id='line_1_10' title="bbox 336 1677 1455 1765; baseline 0 -23"><span class='ocrx_word' id='word_1_69' title='bbox 336 1679 390 1743; x_wconf 91' lang='lat' dir='ltr'>uel</span> <span class='ocrx_word' id='word_1_70' title='bbox 418 1680 638 1761; x_wconf 90' lang='lat' dir='ltr'>emendando,</span> <span class='ocrx_word' id='word_1_71' title='bbox 674 1679 702 1743; x_wconf 90' lang='lat' dir='ltr'>si</span> <span class='ocrx_word' id='word_1_72' title='bbox 735 1701 816 1765; x_wconf 90' lang='lat' dir='ltr'>opus</span> <span class='ocrx_word' id='word_1_73' title='bbox 844 1679 924 1761; x_wconf 86' lang='lat' dir='ltr'>erit,</span> <span class='ocrx_word' id='word_1_74' title='bbox 961 1688 1101 1744; x_wconf 90' lang='lat' dir='ltr'>metrum</span> <span class='ocrx_word' id='word_1_75' title='bbox 1128 1677 1368 1743; x_wconf 86' lang='lat' dir='ltr'>instituendum</span> <span class='ocrx_word' id='word_1_76' title='bbox 1396 1687 1455 1743; x_wconf 90' lang='lat' dir='ltr'>est.</span> 
     </span>
     <span class='ocr_line' id='line_1_11' title="bbox 337 1778 1458 1867; baseline -0.004 -20"><span class='ocrx_word' id='word_1_77' title='bbox 337 1783 488 1865; x_wconf 85' lang='lat' dir='ltr'>Augetur</span> <span class='ocrx_word' id='word_1_78' title='bbox 510 1803 588 1846; x_wconf 89' lang='lat' dir='ltr'>uere</span> <span class='ocrx_word' id='word_1_79' title='bbox 612 1781 712 1846; x_wconf 89' lang='lat' dir='ltr'>etiam</span> <span class='ocrx_word' id='word_1_80' title='bbox 733 1779 951 1867; x_wconf 87' lang='lat' dir='ltr'>probabilitas</span> <span class='ocrx_word' id='word_1_81' title='bbox 967 1779 1103 1845; x_wconf 84' lang='lat' dir='ltr'>rationis</span> <span class='ocrx_word' id='word_1_82' title='bbox 1119 1802 1211 1844; x_wconf 89' lang='lat' dir='ltr'>meae</span> <span class='ocrx_word' id='word_1_83' title='bbox 1233 1802 1273 1846; x_wconf 86' lang='lat' dir='ltr'>ea</span> <span class='ocrx_word' id='word_1_84' title='bbox 1294 1802 1346 1862; x_wconf 91' lang='lat' dir='ltr'>re,</span> <span class='ocrx_word' id='word_1_85' title='bbox 1370 1778 1458 1865; x_wconf 90' lang='lat' dir='ltr'>quod</span> 
     </span>
     <span class='ocr_line' id='line_1_12' title="bbox 336 1879 1457 1969; baseline -0.002 -22"><span class='ocrx_word' id='word_1_86' title='bbox 336 1882 499 1969; x_wconf 89' lang='lat' dir='ltr'>pedestris</span> <span class='ocrx_word' id='word_1_87' title='bbox 523 1882 681 1949; x_wconf 87' lang='lat' dir='ltr'>sermonis</span> <span class='ocrx_word' id='word_1_88' title='bbox 704 1881 904 1947; x_wconf 88' lang='lat' dir='ltr'>Varroniani</span> <span class='ocrx_word' id='word_1_89' title='bbox 926 1882 1112 1947; x_wconf 89' lang='lat' dir='ltr'>testimonia</span> <span class='ocrx_word' id='word_1_90' title='bbox 1133 1890 1247 1945; x_wconf 86' lang='lat' dir='ltr'>extant</span> <span class='ocrx_word' id='word_1_91' title='bbox 1267 1879 1457 1946; x_wconf 88' lang='lat' dir='ltr'>luculentis·</span> 
     </span>
     <span class='ocr_line' id='line_1_13' title="bbox 338 1982 1455 2071; baseline 0.001 -23"><span class='ocrx_word' id='word_1_92' title='bbox 338 1985 436 2067; x_wconf 90' lang='lat' dir='ltr'>sima,</span> <span class='ocrx_word' id='word_1_93' title='bbox 474 1986 561 2050; x_wconf 88' lang='lat' dir='ltr'>inter</span> <span class='ocrx_word' id='word_1_94' title='bbox 589 2007 673 2071; x_wconf 86' lang='lat' dir='ltr'>quae</span> <span class='ocrx_word' id='word_1_95' title='bbox 701 1984 877 2070; x_wconf 88' lang='lat' dir='ltr'>praecipue</span> <span class='ocrx_word' id='word_1_96' title='bbox 905 1983 1065 2050; x_wconf 89' lang='lat' dir='ltr'>librorum</span> <span class='ocrx_word' id='word_1_97' title='bbox 1088 1983 1128 2047; x_wconf 90' lang='lat' dir='ltr'>de</span> <span class='ocrx_word' id='word_1_98' title='bbox 1150 2006 1186 2048; x_wconf 88' lang='lat' dir='ltr'>re</span> <span class='ocrx_word' id='word_1_99' title='bbox 1208 1983 1333 2047; x_wconf 88' lang='lat' dir='ltr'>rustica</span> <span class='ocrx_word' id='word_1_100' title='bbox 1354 1982 1455 2049; x_wconf 90' lang='lat' dir='ltr'>dictio</span> 
     </span>
     <span class='ocr_line' id='line_1_14' title="bbox 337 2084 1456 2172; baseline -0.002 -22"><span class='ocrx_word' id='word_1_101' title='bbox 337 2086 510 2172; x_wconf 90' lang='lat' dir='ltr'>plurimam</span> <span class='ocrx_word' id='word_1_102' title='bbox 533 2087 756 2172; x_wconf 87' lang='lat' dir='ltr'>prosariorum</span> <span class='ocrx_word' id='word_1_103' title='bbox 772 2086 1031 2171; x_wconf 82' lang='lat' dir='ltr'>fragmentorum</span> <span class='ocrx_word' id='word_1_104' title='bbox 1047 2084 1292 2150; x_wconf 89' lang='lat' dir='ltr'>similitudinem</span> <span class='ocrx_word' id='word_1_105' title='bbox 1307 2085 1456 2171; x_wconf 86' lang='lat' dir='ltr'>praebet,</span> 
     </span>
     <span class='ocr_line' id='line_1_15' title="bbox 337 2186 1457 2275; baseline 0 -24"><span class='ocrx_word' id='word_1_106' title='bbox 337 2188 392 2253; x_wconf 91' lang='lat' dir='ltr'>uel</span> <span class='ocrx_word' id='word_1_107' title='bbox 413 2187 560 2252; x_wconf 90' lang='lat' dir='ltr'>formulis</span> <span class='ocrx_word' id='word_1_108' title='bbox 585 2188 715 2254; x_wconf 82' lang='lat' dir='ltr'>dicendi</span> <span class='ocrx_word' id='word_1_109' title='bbox 731 2188 854 2253; x_wconf 91' lang='lat' dir='ltr'>eisdem</span> <span class='ocrx_word' id='word_1_110' title='bbox 869 2211 1103 2275; x_wconf 86' lang='lat' dir='ltr'>nonnunquam</span> <span class='ocrx_word' id='word_1_111' title='bbox 1118 2188 1296 2274; x_wconf 85' lang='lat' dir='ltr'>usurpatis.</span> <span class='ocrx_word' id='word_1_112' title='bbox 1340 2186 1457 2273; x_wconf 89' lang='lat' dir='ltr'>Neque</span> 
     </span>
     <span class='ocr_line' id='line_1_16' title="bbox 338 2287 1481 2377; baseline -0.001 -24"><span class='ocrx_word' id='word_1_113' title='bbox 338 2299 448 2353; x_wconf 85' lang='lat' dir='ltr'>tamen</span> <span class='ocrx_word' id='word_1_114' title='bbox 464 2289 737 2355; x_wconf 90' lang='lat' dir='ltr'>dissimulandum</span> <span class='ocrx_word' id='word_1_115' title='bbox 754 2300 813 2372; x_wconf 88' lang='lat' dir='ltr'>est,</span> <span class='ocrx_word' id='word_1_116' title='bbox 837 2291 948 2355; x_wconf 89' lang='lat' dir='ltr'>uarios</span> <span class='ocrx_word' id='word_1_117' title='bbox 972 2314 1043 2355; x_wconf 89' lang='lat' dir='ltr'>esse</span> <span class='ocrx_word' id='word_1_118' title='bbox 1065 2289 1308 2377; x_wconf 85' lang='lat' dir='ltr'>probabilitatis</span> <span class='ocrx_word' id='word_1_119' title='bbox 1331 2287 1481 2372; x_wconf 80' lang='lat' dir='ltr'>gradus</span> 
     </span>
     <span class='ocr_line' id='line_1_17' title="bbox 337 2390 1459 2479; baseline -0.001 -23"><span class='ocrx_word' id='word_1_120' title='bbox 337 2415 473 2479; x_wconf 89' lang='lat' dir='ltr'>eamque</span> <span class='ocrx_word' id='word_1_121' title='bbox 486 2416 718 2479; x_wconf 90' lang='lat' dir='ltr'>nonnunquam</span> <span class='ocrx_word' id='word_1_122' title='bbox 734 2403 771 2457; x_wconf 93' lang='lat' dir='ltr'>ut</span> <span class='ocrx_word' id='word_1_123' title='bbox 783 2392 933 2478; x_wconf 91' lang='lat' dir='ltr'>quodque</span> <span class='ocrx_word' id='word_1_124' title='bbox 949 2394 1169 2478; x_wconf 85' lang='lat' dir='ltr'>fragmentum</span> <span class='ocrx_word' id='word_1_125' title='bbox 1184 2401 1234 2456; x_wconf 87' lang='lat' dir='ltr'>est</span> <span class='ocrx_word' id='word_1_126' title='bbox 1248 2390 1396 2474; x_wconf 86' lang='lat' dir='ltr'>breuius,</span> <span class='ocrx_word' id='word_1_127' title='bbox 1411 2391 1459 2455; x_wconf 89' lang='lat' dir='ltr'>ita</span> 
     </span>
     <span class='ocr_line' id='line_1_18' title="bbox 337 2491 1459 2583; baseline 0.001 -27"><span class='ocrx_word' id='word_1_128' title='bbox 337 2494 444 2580; x_wconf 86' lang='lat' dir='ltr'>ipsam</span> <span class='ocrx_word' id='word_1_129' title='bbox 471 2517 600 2583; x_wconf 85' lang='lat' dir='ltr'>quoque</span> <span class='ocrx_word' id='word_1_130' title='bbox 630 2494 788 2576; x_wconf 91' lang='lat' dir='ltr'>deminui,</span> <span class='ocrx_word' id='word_1_131' title='bbox 822 2504 859 2559; x_wconf 91' lang='lat' dir='ltr'>ut</span> <span class='ocrx_word' id='word_1_132' title='bbox 885 2495 953 2559; x_wconf 91' lang='lat' dir='ltr'>sint</span> <span class='ocrx_word' id='word_1_133' title='bbox 980 2495 1141 2581; x_wconf 89' lang='lat' dir='ltr'>quaedam</span> <span class='ocrx_word' id='word_1_134' title='bbox 1168 2515 1251 2581; x_wconf 90' lang='lat' dir='ltr'>quae</span> <span class='ocrx_word' id='word_1_135' title='bbox 1274 2491 1459 2558; x_wconf 86' lang='lat' dir='ltr'>diiudicare</span> 
     </span>
     <span class='ocr_line' id='line_1_19' title="bbox 338 2595 1458 2682; baseline -0.001 -21"><span class='ocrx_word' id='word_1_136' title='bbox 338 2597 467 2661; x_wconf 91' lang='lat' dir='ltr'>omnino</span> <span class='ocrx_word' id='word_1_137' title='bbox 491 2618 557 2660; x_wconf 91' lang='lat' dir='ltr'>non</span> <span class='ocrx_word' id='word_1_138' title='bbox 580 2596 719 2664; x_wconf 89' lang='lat' dir='ltr'>licuerit.</span> <span class='ocrx_word' id='word_1_139' title='bbox 758 2595 909 2682; x_wconf 86' lang='lat' dir='ltr'>Apparet</span> <span class='ocrx_word' id='word_1_140' title='bbox 932 2597 1029 2679; x_wconf 89' lang='lat' dir='ltr'>enim,</span> <span class='ocrx_word' id='word_1_141' title='bbox 1053 2598 1088 2661; x_wconf 91' lang='lat' dir='ltr'>in</span> <span class='ocrx_word' id='word_1_142' title='bbox 1102 2595 1245 2662; x_wconf 84' lang='lat' dir='ltr'>metricis</span> <span class='ocrx_word' id='word_1_143' title='bbox 1260 2616 1329 2659; x_wconf 91' lang='lat' dir='ltr'>non</span> <span class='ocrx_word' id='word_1_144' title='bbox 1343 2617 1458 2660; x_wconf 88' lang='lat' dir='ltr'>unum-</span> 
     </span>
     <span class='ocr_line' id='line_1_20' title="bbox 337 2697 1458 2784; baseline 0.001 -24"><span class='ocrx_word' id='word_1_145' title='bbox 337 2697 489 2784; x_wconf 88' lang='lat' dir='ltr'>quodque</span> <span class='ocrx_word' id='word_1_146' title='bbox 511 2698 649 2763; x_wconf 88' lang='lat' dir='ltr'>uerbum</span> <span class='ocrx_word' id='word_1_147' title='bbox 670 2697 834 2783; x_wconf 91' lang='lat' dir='ltr'>poeticum</span> <span class='ocrx_word' id='word_1_148' title='bbox 857 2722 985 2780; x_wconf 88' lang='lat' dir='ltr'>sonare,</span> <span class='ocrx_word' id='word_1_149' title='bbox 1010 2699 1069 2764; x_wconf 89' lang='lat' dir='ltr'>sed</span> <span class='ocrx_word' id='word_1_150' title='bbox 1090 2697 1171 2763; x_wconf 89' lang='lat' dir='ltr'>talia</span> <span class='ocrx_word' id='word_1_151' title='bbox 1192 2720 1251 2783; x_wconf 89' lang='lat' dir='ltr'>per</span> <span class='ocrx_word' id='word_1_152' title='bbox 1273 2707 1362 2762; x_wconf 86' lang='lat' dir='ltr'>totos</span> <span class='ocrx_word' id='word_1_153' title='bbox 1386 2719 1458 2762; x_wconf 90' lang='lat' dir='ltr'>sen-</span> 
     </span>
     <span class='ocr_line' id='line_1_21' title="bbox 337 2799 1459 2886; baseline -0.002 -20"><span class='ocrx_word' id='word_1_154' title='bbox 337 2801 512 2867; x_wconf 89' lang='lat' dir='ltr'>tentiarum</span> <span class='ocrx_word' id='word_1_155' title='bbox 535 2800 739 2885; x_wconf 88' lang='lat' dir='ltr'>poeticarum</span> <span class='ocrx_word' id='word_1_156' title='bbox 763 2799 907 2865; x_wconf 89' lang='lat' dir='ltr'>ambitus</span> <span class='ocrx_word' id='word_1_157' title='bbox 932 2824 1004 2866; x_wconf 87' lang='lat' dir='ltr'>esse</span> <span class='ocrx_word' id='word_1_158' title='bbox 1027 2801 1191 2886; x_wconf 89' lang='lat' dir='ltr'>dispersa,</span> <span class='ocrx_word' id='word_1_159' title='bbox 1224 2810 1260 2864; x_wconf 87' lang='lat' dir='ltr'>ut</span> <span class='ocrx_word' id='word_1_160' title='bbox 1288 2820 1348 2862; x_wconf 91' lang='lat' dir='ltr'>suo</span> <span class='ocrx_word' id='word_1_161' title='bbox 1379 2821 1459 2885; x_wconf 92' lang='lat' dir='ltr'>quo·</span> 
     </span>
     <span class='ocr_line' id='line_1_22' title="bbox 337 2900 1461 2990; baseline -0.001 -23"><span class='ocrx_word' id='word_1_162' title='bbox 337 2903 414 2967; x_wconf 89' lang='lat' dir='ltr'>dam</span> <span class='ocrx_word' id='word_1_163' title='bbox 449 2901 556 2970; x_wconf 88' lang='lat' dir='ltr'>colore</span> <span class='ocrx_word' id='word_1_164' title='bbox 584 2925 639 2968; x_wconf 91' lang='lat' dir='ltr'>eas</span> <span class='ocrx_word' id='word_1_165' title='bbox 676 2912 947 2988; x_wconf 80' lang='lat' dir='ltr'>conspergerent3</span> <span class='ocrx_word' id='word_1_166' title='bbox 987 2902 1135 2990; x_wconf 88' lang='lat' dir='ltr'>potuisse</span> <span class='ocrx_word' id='word_1_167' title='bbox 1162 2901 1263 2986; x_wconf 90' lang='lat' dir='ltr'>igitur</span> <span class='ocrx_word' id='word_1_168' title='bbox 1295 2900 1384 2983; x_wconf 89' lang='lat' dir='ltr'>fieri,</span> <span class='ocrx_word' id='word_1_169' title='bbox 1422 2911 1461 2966; x_wconf 86' lang='lat' dir='ltr'>ut</span> 
     </span>
     <span class='ocr_line' id='line_1_23' title="bbox 336 3002 1459 3091; baseline -0.002 -22"><span class='ocrx_word' id='word_1_170' title='bbox 336 3006 556 3070; x_wconf 90' lang='lat' dir='ltr'>minutissima</span> <span class='ocrx_word' id='word_1_171' title='bbox 571 3003 733 3091; x_wconf 90' lang='lat' dir='ltr'>quaedam</span> <span class='ocrx_word' id='word_1_172' title='bbox 756 3005 940 3070; x_wconf 88' lang='lat' dir='ltr'>euersibus</span> <span class='ocrx_word' id='word_1_173' title='bbox 964 3006 1031 3070; x_wconf 91' lang='lat' dir='ltr'>sint</span> <span class='ocrx_word' id='word_1_174' title='bbox 1047 3014 1189 3085; x_wconf 88' lang='lat' dir='ltr'>seruata,</span> <span class='ocrx_word' id='word_1_175' title='bbox 1213 3024 1296 3090; x_wconf 88' lang='lat' dir='ltr'>quae</span> <span class='ocrx_word' id='word_1_176' title='bbox 1317 3002 1459 3089; x_wconf 87' lang='lat' dir='ltr'>poeticis</span> 
     </span>
     <span class='ocr_line' id='line_1_24' title="bbox 335 3103 1460 3194; baseline -0.002 -23"><span class='ocrx_word' id='word_1_177' title='bbox 335 3107 479 3171; x_wconf 87' lang='lat' dir='ltr'>fortasse</span> <span class='ocrx_word' id='word_1_178' title='bbox 500 3107 610 3172; x_wconf 88' lang='lat' dir='ltr'>uerbis</span> <span class='ocrx_word' id='word_1_179' title='bbox 634 3106 757 3170; x_wconf 83' lang='lat' dir='ltr'>fuerint</span> <span class='ocrx_word' id='word_1_180' title='bbox 778 3107 939 3191; x_wconf 83' lang='lat' dir='ltr'>proxima,</span> <span class='ocrx_word' id='word_1_181' title='bbox 963 3108 1038 3194; x_wconf 89' lang='lat' dir='ltr'>ipsa</span> <span class='ocrx_word' id='word_1_182' title='bbox 1061 3117 1171 3171; x_wconf 88' lang='lat' dir='ltr'>autem</span> <span class='ocrx_word' id='word_1_183' title='bbox 1193 3103 1274 3169; x_wconf 89' lang='lat' dir='ltr'>talia</span> <span class='ocrx_word' id='word_1_184' title='bbox 1294 3126 1361 3167; x_wconf 93' lang='lat' dir='ltr'>non</span> <span class='ocrx_word' id='word_1_185' title='bbox 1384 3127 1460 3171; x_wconf 89' lang='lat' dir='ltr'>con·</span> 
     </span>
     <span class='ocr_line' id='line_1_25' title="bbox 337 3205 1493 3295; baseline -0.002 -23"><span class='ocrx_word' id='word_1_186' title='bbox 337 3210 479 3291; x_wconf 80' lang='lat' dir='ltr'>tineant3</span> <span class='ocrx_word' id='word_1_187' title='bbox 508 3229 570 3270; x_wconf 88' lang='lat' dir='ltr'>nec</span> <span class='ocrx_word' id='word_1_188' title='bbox 596 3216 706 3272; x_wconf 89' lang='lat' dir='ltr'>tamen</span> <span class='ocrx_word' id='word_1_189' title='bbox 728 3206 831 3271; x_wconf 90' lang='lat' dir='ltr'>multa</span> <span class='ocrx_word' id='word_1_190' title='bbox 853 3221 944 3290; x_wconf 91' lang='lat' dir='ltr'>sunt,</span> <span class='ocrx_word' id='word_1_191' title='bbox 974 3211 1008 3273; x_wconf 92' lang='lat' dir='ltr'>in</span> <span class='ocrx_word' id='word_1_192' title='bbox 1031 3210 1151 3295; x_wconf 91' lang='lat' dir='ltr'>quibus</span> <span class='ocrx_word' id='word_1_193' title='bbox 1174 3207 1254 3271; x_wconf 86' lang='lat' dir='ltr'>haec</span> <span class='ocrx_word' id='word_1_194' title='bbox 1276 3205 1460 3272; x_wconf 85' lang='lat' dir='ltr'>difficultas</span> <span class='ocrx_word' id='word_1_195' title='bbox 1479 3259 1493 3280; x_wconf 77' lang='lat'>,</span> 
     </span>
     <span class='ocr_line' id='line_1_26' title="bbox 339 3308 1461 3392; baseline -0.001 -17"><span class='ocrx_word' id='word_1_196' title='bbox 339 3310 454 3375; x_wconf 89' lang='lat' dir='ltr'>oritur.</span> <span class='ocrx_word' id='word_1_197' title='bbox 499 3308 610 3392; x_wconf 79' lang='lat' dir='ltr'>Aliam</span> <span class='ocrx_word' id='word_1_198' title='bbox 633 3318 741 3374; x_wconf 89' lang='lat' dir='ltr'>autem</span> <span class='ocrx_word' id='word_1_199' title='bbox 765 3309 906 3376; x_wconf 83' lang='lat' dir='ltr'>existere</span> <span class='ocrx_word' id='word_1_200' title='bbox 931 3310 1161 3375; x_wconf 85' lang='lat' dir='ltr'>difficultatem</span> <span class='ocrx_word' id='word_1_201' title='bbox 1182 3308 1294 3373; x_wconf 87' lang='lat' dir='ltr'>uerbis</span> <span class='ocrx_word' id='word_1_202' title='bbox 1317 3308 1461 3375; x_wconf 85' lang='lat' dir='ltr'>aliorum</span> 
     </span>
     <span class='ocr_line' id='line_1_27' title="bbox 337 3411 1460 3499; baseline 0.001 -24"><span class='ocrx_word' id='word_1_203' title='bbox 337 3411 533 3498; x_wconf 90' lang='lat' dir='ltr'>scriptorum</span> <span class='ocrx_word' id='word_1_204' title='bbox 548 3411 618 3475; x_wconf 88' lang='lat' dir='ltr'>siue</span> <span class='ocrx_word' id='word_1_205' title='bbox 633 3411 842 3497; x_wconf 88' lang='lat' dir='ltr'>pedestribus</span> <span class='ocrx_word' id='word_1_206' title='bbox 859 3413 930 3477; x_wconf 87' lang='lat' dir='ltr'>siue</span> <span class='ocrx_word' id='word_1_207' title='bbox 946 3413 1080 3499; x_wconf 88' lang='lat' dir='ltr'>poeticis</span> <span class='ocrx_word' id='word_1_208' title='bbox 1097 3433 1117 3475; x_wconf 92' lang='lat' dir='ltr'>a</span> <span class='ocrx_word' id='word_1_209' title='bbox 1132 3411 1282 3477; x_wconf 89' lang='lat' dir='ltr'>Varrone</span> <span class='ocrx_word' id='word_1_210' title='bbox 1298 3411 1460 3499; x_wconf 86' lang='lat' dir='ltr'>inspersis</span> 
     </span>
     <span class='ocr_line' id='line_1_28' title="bbox 336 3512 692 3580; baseline 0.014 -5"><span class='ocrx_word' id='word_1_211' title='bbox 336 3513 425 3576; x_wconf 84' lang='lat' dir='ltr'>infra</span> <span class='ocrx_word' id='word_1_212' title='bbox 448 3512 692 3580; x_wconf 88' lang='lat' dir='ltr'>demonstrabo.</span> 
     </span>
    </p>

    <p class='ocr_par' dir='ltr' id='par_1_3' title="bbox 296 3613 1462 4738">
     <span class='ocr_line' id='line_1_29' title="bbox 421 3613 1460 3703; baseline 0.002 -26"><span class='ocrx_word' id='word_1_213' title='bbox 421 3613 492 3677; x_wconf 90' lang='lat' dir='ltr'>Iam</span> <span class='ocrx_word' id='word_1_214' title='bbox 513 3637 592 3680; x_wconf 90' lang='lat' dir='ltr'>uero</span> <span class='ocrx_word' id='word_1_215' title='bbox 616 3615 658 3680; x_wconf 87' lang='lat' dir='ltr'>ad</span> <span class='ocrx_word' id='word_1_216' title='bbox 680 3616 845 3703; x_wconf 87' lang='lat' dir='ltr'>poeticum</span> <span class='ocrx_word' id='word_1_217' title='bbox 860 3615 1022 3681; x_wconf 89' lang='lat' dir='ltr'>Varronis</span> <span class='ocrx_word' id='word_1_218' title='bbox 1046 3637 1227 3680; x_wconf 91' lang='lat' dir='ltr'>sermonem</span> <span class='ocrx_word' id='word_1_219' title='bbox 1248 3626 1337 3681; x_wconf 88' lang='lat' dir='ltr'>recte</span> <span class='ocrx_word' id='word_1_220' title='bbox 1360 3614 1460 3680; x_wconf 88' lang='lat' dir='ltr'>aesti-</span> 
     </span>
     <span class='ocr_line' id='line_1_30' title="bbox 336 3716 1461 3804; baseline 0.002 -24"><span class='ocrx_word' id='word_1_221' title='bbox 336 3716 492 3780; x_wconf 90' lang='lat' dir='ltr'>mandum</span> <span class='ocrx_word' id='word_1_222' title='bbox 520 3718 632 3801; x_wconf 90' lang='lat' dir='ltr'>magni</span> <span class='ocrx_word' id='word_1_223' title='bbox 660 3728 710 3782; x_wconf 89' lang='lat' dir='ltr'>est</span> <span class='ocrx_word' id='word_1_224' title='bbox 737 3718 909 3799; x_wconf 85' lang='lat' dir='ltr'>momenti,</span> <span class='ocrx_word' id='word_1_225' title='bbox 944 3728 981 3783; x_wconf 92' lang='lat' dir='ltr'>ut</span> <span class='ocrx_word' id='word_1_226' title='bbox 1009 3740 1147 3804; x_wconf 92' lang='lat' dir='ltr'>querum</span> <span class='ocrx_word' id='word_1_227' title='bbox 1175 3716 1231 3783; x_wconf 87' lang='lat' dir='ltr'>ille</span> <span class='ocrx_word' id='word_1_228' title='bbox 1260 3718 1461 3803; x_wconf 88' lang='lat' dir='ltr'>scriptorum</span> 
     </span>
     <span class='ocr_line' id='line_1_31' title="bbox 336 3817 1461 3903; baseline 0.003 -22"><span class='ocrx_word' id='word_1_229' title='bbox 336 3817 483 3883; x_wconf 88' lang='lat' dir='ltr'>imitator</span> <span class='ocrx_word' id='word_1_230' title='bbox 517 3819 664 3885; x_wconf 85' lang='lat' dir='ltr'>extiterit</span> <span class='ocrx_word' id='word_1_231' title='bbox 693 3820 966 3885; x_wconf 79' lang='lat' dir='ltr'>consideremus·</span> <span class='ocrx_word' id='word_1_232' title='bbox 1003 3820 1117 3884; x_wconf 88' lang='lat' dir='ltr'>Habet</span> <span class='ocrx_word' id='word_1_233' title='bbox 1144 3842 1223 3883; x_wconf 88' lang='lat' dir='ltr'>sane</span> <span class='ocrx_word' id='word_1_234' title='bbox 1251 3818 1350 3883; x_wconf 89' lang='lat' dir='ltr'>etiam</span> <span class='ocrx_word' id='word_1_235' title='bbox 1374 3841 1461 3903; x_wconf 85' lang='lat' dir='ltr'>quae</span> 
     </span>
     <span class='ocr_line' id='line_1_32' title="bbox 336 3906 1461 4008; baseline 0.003 -25"><span class='ocrx_word' id='word_1_236' title='bbox 336 3921 407 4007; x_wconf 89' lang='lat' dir='ltr'>ipse</span> <span class='ocrx_word' id='word_1_237' title='bbox 435 3920 585 4003; x_wconf 73' lang='lat' dir='ltr'>nouauit,</span> <span class='ocrx_word' id='word_1_238' title='bbox 620 3944 695 3985; x_wconf 90' lang='lat' dir='ltr'>nam</span> <span class='ocrx_word' id='word_1_239' title='bbox 722 3945 787 3987; x_wconf 92' lang='grc'>161</span> <span class='ocrx_word' id='word_1_240' title='bbox 816 3920 923 3986; x_wconf 89' lang='lat' dir='ltr'>solum</span> <span class='ocrx_word' id='word_1_241' title='bbox 952 3906 1068 3985; x_wconf 76' lang='lat' dir='ltr'>metra⁴</span> <span class='ocrx_word' id='word_1_242' title='bbox 1085 3920 1246 4007; x_wconf 87' lang='lat' dir='ltr'>quaedam</span> <span class='ocrx_word' id='word_1_243' title='bbox 1274 3932 1351 3987; x_wconf 90' lang='lat' dir='ltr'>sunt</span> <span class='ocrx_word' id='word_1_244' title='bbox 1375 3943 1461 4008; x_wconf 87' lang='lat' dir='ltr'>quae</span> 
     </span>
     <span class='ocr_line' id='line_1_33' title="bbox 296 4022 1462 4110; baseline 0.001 -23"><span class='ocrx_word' id='word_1_245' title='bbox 296 4074 299 4078; x_wconf 83' lang='lat'>.</span> <span class='ocrx_word' id='word_1_246' title='bbox 335 4023 460 4109; x_wconf 88' lang='lat' dir='ltr'>primus</span> <span class='ocrx_word' id='word_1_247' title='bbox 483 4022 675 4088; x_wconf 87' lang='lat' dir='ltr'>adhibuisse</span> <span class='ocrx_word' id='word_1_248' title='bbox 697 4023 843 4105; x_wconf 91' lang='lat' dir='ltr'>uidetur,</span> <span class='ocrx_word' id='word_1_249' title='bbox 872 4023 913 4086; x_wconf 90' lang='lat' dir='ltr'>de</span> <span class='ocrx_word' id='word_1_250' title='bbox 936 4024 1054 4110; x_wconf 90' lang='lat' dir='ltr'>quibus</span> <span class='ocrx_word' id='word_1_251' title='bbox 1076 4046 1110 4087; x_wconf 90' lang='lat' dir='ltr'>u.</span> <span class='ocrx_word' id='word_1_252' title='bbox 1132 4022 1237 4104; x_wconf 88' lang='lat' dir='ltr'>infra,</span> <span class='ocrx_word' id='word_1_253' title='bbox 1267 4022 1326 4087; x_wconf 88' lang='lat' dir='ltr'>sed</span> <span class='ocrx_word' id='word_1_254' title='bbox 1354 4022 1462 4088; x_wconf 88' lang='lat' dir='ltr'>multa</span> 
     </span>
     <span class='ocr_line' id='line_1_34' title="bbox 337 4121 1461 4211; baseline 0.002 -23"><span class='ocrx_word' id='word_1_255' title='bbox 337 4125 436 4189; x_wconf 90' lang='lat' dir='ltr'>etiam</span> <span class='ocrx_word' id='word_1_256' title='bbox 459 4125 528 4189; x_wconf 89' lang='lat' dir='ltr'>eius</span> <span class='ocrx_word' id='word_1_257' title='bbox 552 4124 681 4210; x_wconf 89' lang='lat' dir='ltr'>poetica</span> <span class='ocrx_word' id='word_1_258' title='bbox 702 4124 938 4211; x_wconf 87' lang='lat' dir='ltr'>proprietatem</span> <span class='ocrx_word' id='word_1_259' title='bbox 960 4121 1125 4210; x_wconf 79' lang='lat' dir='ltr'>quandam</span> <span class='ocrx_word' id='word_1_260' title='bbox 1155 4124 1292 4207; x_wconf 89' lang='lat' dir='ltr'>habent,</span> <span class='ocrx_word' id='word_1_261' title='bbox 1321 4148 1389 4211; x_wconf 88' lang='lat' dir='ltr'>qua</span> <span class='ocrx_word' id='word_1_262' title='bbox 1410 4125 1461 4190; x_wconf 88' lang='lat' dir='ltr'>fa·</span> 
     </span>
     <span class='ocr_line' id='line_1_35' title="bbox 337 4224 1460 4314; baseline 0.003 -25"><span class='ocrx_word' id='word_1_263' title='bbox 337 4225 398 4292; x_wconf 89' lang='lat' dir='ltr'>cile</span> <span class='ocrx_word' id='word_1_264' title='bbox 421 4228 463 4292; x_wconf 92' lang='lat' dir='ltr'>ab</span> <span class='ocrx_word' id='word_1_265' title='bbox 479 4225 618 4292; x_wconf 88' lang='lat' dir='ltr'>aliorum</span> <span class='ocrx_word' id='word_1_266' title='bbox 633 4227 822 4314; x_wconf 88' lang='lat' dir='ltr'>quorumuis</span> <span class='ocrx_word' id='word_1_267' title='bbox 839 4226 1039 4291; x_wconf 86' lang='lat' dir='ltr'>carminibus</span> <span class='ocrx_word' id='word_1_268' title='bbox 1056 4249 1095 4291; x_wconf 88' lang='lat' dir='ltr'>ea</span> <span class='ocrx_word' id='word_1_269' title='bbox 1109 4226 1282 4311; x_wconf 87' lang='lat' dir='ltr'>dignosces</span> <span class='ocrx_word' id='word_1_270' title='bbox 1306 4224 1366 4309; x_wconf 86' lang='lat' dir='ltr'>(ef.</span> <span class='ocrx_word' id='word_1_271' title='bbox 1383 4249 1414 4292; x_wconf 91' lang='lat' dir='ltr'>e.</span> <span class='ocrx_word' id='word_1_272' title='bbox 1430 4248 1460 4293; x_wconf 88' lang='lat' dir='ltr'>e.</span> 
     </span>
     <span class='ocr_line' id='line_1_36' title="bbox 327 4320 1461 4414; baseline 0.002 -24"><span class='ocrx_word' id='word_1_273' title='bbox 327 4320 429 4401; x_wconf 75' lang='grc' dir='ltr'>’Όνος</span> <span class='ocrx_word' id='word_1_274' title='bbox 451 4325 555 4411; x_wconf 80' lang='grc' dir='ltr'><em>λύρας</em></span> <span class='ocrx_word' id='word_1_275' title='bbox 578 4328 736 4394; x_wconf 79' lang='lat' dir='ltr'>1-V111.</span> <span class='ocrx_word' id='word_1_276' title='bbox 774 4329 935 4393; x_wconf 91' lang='lat' dir='ltr'>Parmeno</span> <span class='ocrx_word' id='word_1_277' title='bbox 953 4330 981 4393; x_wconf 90' lang='lat' dir='ltr'>I.</span> <span class='ocrx_word' id='word_1_278' title='bbox 1004 4327 1139 4393; x_wconf 90' lang='lat' dir='ltr'>Delium</span> <span class='ocrx_word' id='word_1_279' title='bbox 1154 4351 1184 4392; x_wconf 88' lang='lat' dir='ltr'>a.</span> <span class='ocrx_word' id='word_1_280' title='bbox 1201 4325 1289 4412; x_wconf 80' lang='lat' dir='ltr'>slI),</span> <span class='ocrx_word' id='word_1_281' title='bbox 1314 4349 1401 4414; x_wconf 88' lang='lat' dir='ltr'>quae</span> <span class='ocrx_word' id='word_1_282' title='bbox 1423 4330 1461 4392; x_wconf 91' lang='lat' dir='ltr'>ni</span> 
     </span>
     <span class='ocr_line' id='line_1_37' title="bbox 337 4421 1462 4518; baseline 0.001 -24"><span class='ocrx_word' id='word_1_283' title='bbox 337 4428 434 4494; x_wconf 84' lang='lat' dir='ltr'>fallor</span> <span class='ocrx_word' id='word_1_284' title='bbox 457 4453 474 4494; x_wconf 90' lang='lat' dir='ltr'>e</span> <span class='ocrx_word' id='word_1_285' title='bbox 497 4429 639 4517; x_wconf 90' lang='lat' dir='ltr'>quodam</span> <span class='ocrx_word' id='word_1_286' title='bbox 665 4431 843 4496; x_wconf 89' lang='lat' dir='ltr'>uerborum</span> <span class='ocrx_word' id='word_1_287' title='bbox 871 4421 1012 4517; x_wconf 88' lang='lat' dir='ltr'>poetice</span> <span class='ocrx_word' id='word_1_288' title='bbox 1026 4432 1230 4511; x_wconf 88' lang='lat' dir='ltr'>sonantium,</span> <span class='ocrx_word' id='word_1_289' title='bbox 1264 4427 1462 4518; x_wconf 87' lang='lat' dir='ltr'>plerumque</span> 
     </span>
     <span class='ocr_line' id='line_1_38' title="bbox 337 4531 1461 4619; baseline 0 -24"><span class='ocrx_word' id='word_1_290' title='bbox 337 4553 404 4597; x_wconf 92' lang='grc'>161</span> <span class='ocrx_word' id='word_1_291' title='bbox 426 4531 543 4597; x_wconf 89' lang='lat' dir='ltr'>inscite</span> <span class='ocrx_word' id='word_1_292' title='bbox 559 4532 793 4614; x_wconf 85' lang='lat' dir='ltr'>adhibitorum,</span> <span class='ocrx_word' id='word_1_293' title='bbox 817 4556 1052 4619; x_wconf 91' lang='lat' dir='ltr'>nonnunquam</span> <span class='ocrx_word' id='word_1_294' title='bbox 1075 4540 1184 4597; x_wconf 89' lang='lat' dir='ltr'>autem</span> <span class='ocrx_word' id='word_1_295' title='bbox 1206 4531 1308 4596; x_wconf 89' lang='lat' dir='ltr'>nimia</span> <span class='ocrx_word' id='word_1_296' title='bbox 1329 4553 1461 4597; x_wconf 87' lang='lat' dir='ltr'>coacer-</span> 
     </span>
     <span class='ocr_line' id='line_1_39' title="bbox 336 4632 1460 4738; baseline 0.001 -41"><span class='ocrx_word' id='word_1_297' title='bbox 336 4632 469 4698; x_wconf 88' lang='lat' dir='ltr'>uatione</span> <span class='ocrx_word' id='word_1_298' title='bbox 501 4632 728 4738; x_wconf 75' lang='lat' dir='ltr'>molestorqm,</span> <span class='ocrx_word' id='word_1_299' title='bbox 758 4634 810 4699; x_wconf 91' lang='grc'>1161</span> <span class='ocrx_word' id='word_1_300' title='bbox 833 4633 877 4699; x_wconf 89' lang='lat' dir='ltr'>ad</span> <span class='ocrx_word' id='word_1_301' title='bbox 899 4636 1077 4700; x_wconf 88' lang='lat' dir='ltr'>sententias</span> <span class='ocrx_word' id='word_1_302' title='bbox 1101 4634 1232 4699; x_wconf 89' lang='lat' dir='ltr'>omnino</span> <span class='ocrx_word' id='word_1_303' title='bbox 1264 4632 1460 4699; x_wconf 84' lang='lat' dir='ltr'>humiliores</span> 
     </span>
    </p>
   </div>
   <div class='ocr_carea' id='block_1_3' title="bbox 0 0 1785 5709">
    <p class='ocr_par' dir='ltr' id='par_1_4' title="bbox 0 0 1785 5709">
     <span class='ocr_line' id='line_1_40' title="bbox 0 0 1785 5709; baseline 0 0"><span class='ocrx_word' id='word_1_304' title='bbox 0 0 1785 5709; x_wconf 95' lang='lat' dir='ltr'> </span> 
     </span>
    </p>
   </div>
  </div>
 </body>
</html>
