3559 5709
882 731 1084 789 sarrianis

952 894 973 971 †
984 892 1019 957 II

511 999 658 1065 Munitus
682 998 774 1063 uicus
799 994 937 1062 Caralis.

937 1114 1038 1180 Asia

512 1220 629 1288 Indica
649 1242 717 1286 non
739 1240 859 1303 magna
880 1217 977 1281 nimis
1001 1216 1120 1283 arbore
1141 1216 1259 1294 crescit
1282 1218 1436 1301 arund03

513 1323 606 1387 Illius
630 1345 647 1387 e
669 1321 766 1386 lentis
789 1320 948 1407 premitur
969 1317 1135 1384 radicibus
1158 1318 1285 1401 humor,

512 1422 633 1489 Dulcia
655 1422 708 1489 cui
730 1431 895 1509 nequeant
916 1443 1014 1488 succo
1037 1419 1215 1487 concedere
1236 1418 1345 1486 mella.

513 1678 665 1765 Cingitur
687 1678 836 1761 Oceano,
858 1576 1113 1764 Libiddlriraara
1136 1676 1268 1741 flumine
1292 1676 1386 1744 Nilo.

854 1897 1117 1965 EPHEMERIS

917 2000 1030 2169 Nullos
1055 2104 1119 2187 [ut]
1143 2100 1268 2167 uellera
1290 2100 1391 2169 lanae

513 2203 664 2270 Stabunt.

969 2322 1005 2387 11

513 2427 599 2491 Tum
620 2425 717 2491 liceat
738 2425 848 2511 pelagi
869 2424 1021 2490 uolucres
1044 2424 1223 2511 tardaeque
1246 2426 1383 2512 paludis

514 2528 654 2592 Cernere
675 2526 842 2614 inexpleto
867 2526 977 2594 studio
1000 2536 1127 2593 certare
1149 2526 1284 2593 lauandi

512 2629 557 2693 Et
579 2628 670 2694 uelut
692 2628 861 2696 insolitum
882 2630 999 2715 pennis
1022 2630 1196 2695 infundere
1217 2652 1335 2697 rorem.

512 2731 581 2796 Aut
603 2740 721 2817 arguta
741 2729 832 2800 lacus
856 2730 1136 2798 circumuolitauit
1156 2732 1310 2800 hirundo.

957 2885 1011 2950 III

512 2989 557 3054 Et
579 2988 640 3053 bos
664 2986 846 3074 suspiciens
870 2986 996 3052 caelum
1020 2986 1183 3073 (mirabile
1204 2986 1294 3070 uisu)

512 3089 655 3154 Naribus
679 3089 801 3154 aerium
823 3088 945 3175 patulis
969 3089 1133 3175 decerpsit
1155 3089 1290 3155 odorem

510 3190 579 3255 Nec
601 3190 708 3255 tenuis
731 3190 870 3257 formica
891 3191 982 3256 cauis
1005 3213 1071 3256 non
1094 3190 1204 3257 euehit
1225 3192 1320 3259 oua'

727 3410 914 3477 BELLVM
942 3409 1243 3493 SEQVANICVM

894 3530 1018 3596 Liber
1039 3529 1075 3596 II

509 3632 639 3696 Deinde
662 3632 721 3697 ubi
742 3630 890 3718 pellicuit
907 3613 1015 3697 'dulcis
1039 3630 1122 3698 leuis
1144 3632 1235 3698 unda
1257 3638 1400 3722 saporis.

424 3821 452 3870 II
475 3820 640 3872 Consentius
658 3837 685 3887 p.
703 3823 769 3872 2031
787 3823 818 3872 Ρ.
851 3822 905 3872 ‘Vt
932 3837 998 3871 ecce
1026 3822 1066 3872 ait
1084 3822 1162 3876 cinus
1190 3819 1240 3886 (ut
1265 3825 1356 3876 dicit
1381 3825 1557 3882 Atacinus

425 3888 618 3953 conieci)...’
637 3916 670 3925 -
716 3890 798 3941 Asia
832 3889 954 3941 Isidorus
978 3891 1066 3956 origg.
1085 3889 1165 3942 XVII
1182 3894 1208 3957 7,
1227 3894 1261 3944 58
1290 3894 1421 3946 ‘Varro’
1453 3900 1557 3950 nimis

424 3959 538 4008 Vossius
556 3974 709 4023 magnum
728 3958 761 4006 in
781 3959 880 4009 ebore
900 3958 977 4010 codd.
996 3985 1030 3993 —
1054 3958 1184 4014 ,Africa
1211 3960 1357 4013 Charisius
1379 3980 1408 4029 p.
1431 3968 1477 4020 61.
1498 3971 1554 4019 137.

423 4026 585 4077 Priscianus
602 4027 655 4078 VH
673 4042 699 4092 p.
718 4028 776 4078 331.
814 4026 918 4078 ‘Varro
935 4027 1091 4091 Atacinus)
1116 4035 1134 4088 ¹,

491 4110 703 4161 EPHEMERIS
734 4110 927 4177 Ci.Berglrius
944 4126 1012 4167 mus.
1025 4112 1178 4177 phalaia
1191 4128 1250 4179 sqq.
1280 4115 1343 4166 Hoc
1361 4132 1453 4181 opere
1467 4120 1555 4172 Varro

423 4178 537 4229 Aratum
555 4179 755 4244 interpretatus
780 4184 830 4231 est.
888 4178 1034 4231 ISeruius
1056 4182 1085 4229 in
1102 4181 1186 4247 Verg.
1206 4182 1339 4249 Georg.1
1362 4186 1417 4236 397
1450 4188 1554 4239 ‘Varro

424 4248 452 4296 in
470 4247 648 4312 Epimenids'
668 4262 736 4298 corr.
755 4247 905 4312 Bergkius.
940 4247 983 4300 cf.
1000 4248 1102 4299 Aratus
1119 4265 1147 4312 u.
1164 4250 1215 4300 206
1233 4265 1272 4315 sq.
1302 4256 1337 4301 ut
1355 4252 1454 4304 addidi
1484 4257 1510 4305 N
1516 4273 1553 4306 ec

423 4313 529 4366 nubes
546 4314 695 4380 Bergkius.
747 4315 783 4369 11.
800 4315 843 4366 III
861 4314 974 4367 Seruius
991 4316 1056 4367 ib.I
1073 4319 1136 4368 375:
1156 4318 1260 4383 ‘IVarro
1279 4324 1308 4370 et
1324 4320 1472 4386 Vergilius
1483 4323 1553 4375 Ara·

423 4387 479 4432 tum
498 4384 587 4433 secuti
604 4388 686 4437 sunt’
721 4384 812 4435 Huius
831 4384 867 4434 cf.
885 4400 913 4435 n.
931 4387 981 4437 210
999 4400 1058 4451 sqq.
1077 4388 1127 4436 222
1145 4400 1204 4451 sqq.

490 4468 642 4517 BELLVM
666 4467 903 4532 saqvANIcvM
941 4470 1102 4521 Priscianus
1123 4470 1150 4520 X
1172 4488 1197 4537 p.
1221 4472 1272 4523 497
1300 4472 1346 4523 (Ρ.
1366 4468 1459 4527 Varro
1482 4475 1551 4527 belli

411 4532 574 4599 'Sequaniei
594 4536 664 4588 libro
682 4538 730 4591 ΙΙ)
771 4536 942 4589 Glossarium
964 4537 1063 4590 Isidori
1085 4556 1106 4590 s.
1124 4555 1150 4591 u.
1168 4539 1316 4605 prolicere.
1353 4542 1475 4593 ‘Varros
1492 4545 1549 4595 De·

423 4617 496 4652 mum
523 4604 570 4653 ubi
597 4606 725 4669 prolicuit
752 4604 839 4657 dulcis
862 4606 957 4657 unda!
1002 4605 1171 4659 Glossarium
1194 4625 1237 4674 ap.
1256 4610 1322 4660 Mai.
1347 4610 1434 4661 class.
1458 4615 1546 4663 auctt.

423 4670 491 4721 VIII
508 4673 558 4721 470
577 4689 598 4722 s.
612 4688 638 4722 u.
657 4674 801 4738 prolicere.
838 4675 955 4726 ‘Varroz
982 4675 1089 4727 Deinde
1111 4677 1160 4727 ubi
1182 4675 1321 4744 prolicuit]
1337 4677 1428 4729 dulcis
1451 4679 1547 4733 unda’
