3559 5709
741 712 871 767 CAPVT
902 713 911 767 l
1347 708 1387 771 19

266 891 319 956 bis
345 890 471 955 ‘tardor
492 891 648 955 refrenet'
672 912 710 954 ea
732 890 841 976 opinio
864 890 1070 976 reprobatur.
1115 892 1224 973 Quam
1244 893 1387 957 refrena-

266 994 391 1058 tionem
414 1016 487 1057 eum
509 994 565 1079 qui
587 992 732 1078 loquitur
754 992 796 1057 ab
820 1003 890 1057 arte
914 1015 1068 1056 uersuum
1090 996 1389 1080 componendorum

266 1096 334 1161 sibi
356 1094 506 1159 adhiberi
530 1095 628 1177 dicat,
653 1116 691 1158 ea
714 1116 811 1180 quam
833 1096 1044 1180 consequitur
1064 1095 1212 1179 libertas,
1229 1119 1294 1182 qua
1314 1119 1387 1183 pro-

266 1197 353 1263 fecto
382 1199 460 1260 non'
479 1197 544 1259 iam
571 1204 608 1260 ut
634 1196 729 1260 tarde
763 1196 822 1261 sed
848 1204 886 1260 ut
919 1207 1050 1261 strenue
1083 1198 1314 1283 progrediatur
1340 1199 1388 1262 uti

265 1297 355 1381 uult,
383 1299 418 1361 in
446 1319 483 1362 eo
512 1306 643 1363 tantum
671 1298 849 1363 consistere
876 1307 1001 1385 potest,
1034 1322 1100 1364 non
1126 1309 1164 1365 ut
1190 1300 1301 1364 itineri
1330 1322 1387 1363 suo

267 1391 367 1465 finem
390 1400 520 1465 omnino
542 1400 691 1487 imponat
712 1439 755 1449 —
776 1400 920 1466 tardoris
944 1401 1030 1464 enim
1052 1401 1299 1487 impedimenta,
1321 1424 1389 1467 non

267 1501 370 1566 eundi
391 1501 562 1568 molestiae
585 1502 615 1567 ei
638 1511 714 1567 sunt
740 1501 946 1567 incommodo
968 1542 1011 1550 -
1033 1503 1093 1567 sed
1114 1513 1151 1568 ut
1173 1501 1239 1567 alia
1260 1505 1388 1569 ratione

265 1606 288 1669 i.
314 1627 342 1669 e.
371 1604 525 1671 liberiore
554 1615 587 1670 et
620 1605 802 1691 copiosiore
835 1616 868 1669 et
901 1604 1063 1670 uelociore
1096 1603 1195 1670 soluti
1228 1606 1388 1672 sermonis

266 1727 357 1771 more
384 1708 419 1769 in
445 1708 503 1771 uia
531 1728 591 1770 sua
624 1715 750 1792 pergat.
801 1707 929 1788 Quarto
958 1707 1098 1794 denique
1130 1706 1218 1791 loco,
1254 1707 1282 1771 si
1314 1708 1387 1793 quis

266 1809 571 1894 argumentationes
595 1807 639 1872 ad
654 1808 800 1874 Nonium
822 1817 1009 1895 spectantes
1033 1831 1143 1873 omnes
1167 1810 1265 1873 nimis
1287 1808 1388 1875 lubri-

267 1933 322 1975 cas
352 1933 424 1975 esse
455 1911 625 1996 opinatur,
654 1912 875 1995 fragmentum
903 1912 991 1997 quod
1018 1910 1108 1996 apud
1129 1910 1274 1976 Gellium
1296 1905 1390 1975 extat

267 2013 403 2077 afferam
423 2010 445 2077 l.
469 2011 559 2076 XIII
582 2034 610 2076 c.
635 2024 691 2095 113
718 2013 753 2077 id
783 2012 871 2099 quod
899 2012 934 2075 in
962 2034 1077 2077 uersus
1105 2034 1165 2097 per
1191 2012 1389 2077 uiolentissi-

266 2136 337 2179 mas
365 2115 524 2180 tortiones
554 2123 724 2200 cogentem
752 2114 938 2200 Roeperum
965 2113 1078 2201 philol.
1101 2114 1224 2179 XVIII
1246 2122 1308 2185 439
1335 2137 1389 2178 ne-

267 2215 388 2281 minem
416 2205 505 2282 certo
533 2216 630 2283 credo
661 2218 896 2282 assentientem
924 2215 1113 2283 habiturum
1141 2223 1223 2281 esse.
1245 2255 1288 2263 -
1317 2217 1389 2281 Iam

266 2318 369 2404 igitur
392 2320 541 2384 extitisse
564 2341 697 2406 prosam
718 2319 753 2383 in
769 2320 890 2384 saturis
908 2320 1087 2384 orationem
1109 2341 1176 2384 non
1199 2317 1309 2382 fallaci
1331 2318 1387 2382 illo

267 2421 395 2485 aurium
417 2443 528 2505 sensu,
552 2422 610 2486 sed
633 2429 720 2485 certo
744 2444 783 2486 ac
805 2420 918 2487 stabili
939 2420 1159 2485 ratiocinandi
1174 2420 1297 2485 iudicio
1313 2442 1387 2484 con-

267 2523 373 2587 secuti
395 2546 518 2607 sumus.
563 2522 663 2588 Cuius
687 2546 760 2587 cum
781 2524 934 2589 uersibus
951 2522 1177 2588 confusionem
1191 2544 1295 2608 neque
1310 2521 1388 2586 solis

266 2626 372 2689 Varro
396 2626 517 2690 saturis
540 2626 598 2690 sed
612 2625 867 2709 Hebfdomadum
882 2648 1010 2713 quoque
1033 2625 1103 2689 siue
1126 2624 1168 2689 de
1188 2624 1388 2710 imaginibus

266 2725 360 2792 libris
384 2728 483 2792 simili
504 2728 662 2793 sermonis
686 2728 902 2794 alternatione
930 2728 1082 2793 adhibuit
1103 2750 1208 2813 neque
1230 2728 1300 2813 ipse
1323 2728 1388 2814 pri·

266 2851 339 2893 mus
362 2829 449 2894 inter
470 2829 847 2916 Romanosxusurpauit,
876 2854 950 2896 cum
972 2831 1093 2894 iamin
1114 2831 1154 2894 L.
1178 2830 1249 2895 Atti
1272 2840 1388 2917 poetae

265 2931 386 3016 tragici
399 2932 620 2997 Didascalicis
634 2932 804 3018 proseriae
815 2941 924 3019 partes
947 2955 967 2995 a
989 2932 1183 3019 septenariis
1205 2941 1243 2996 ut
1257 2932 1389 2996 uidetur

265 3033 440 3100 trochaicis
464 3034 690 3120 exciperentur
713 3034 795 3121 (qua
817 3035 857 3099 de
879 3057 914 3098 re
937 3033 1001 3099 alio
1023 3057 1102 3099 mox
1115 3033 1186 3098 loco
1202 3035 1387 3099 accuratius

265 3136 395 3224 agam)3
428 3159 534 3223 neque
557 3137 626 3201 eius
650 3137 698 3201 rei
724 3137 945 3202 imitatoribus
974 3137 1151 3202 destitutus
1180 3128 1253 3202 fuit.
1297 3139 1389 3201 Inter

265 3260 349 3325 quos
373 3236 551 3325 Senecae¹)
567 3240 698 3326 quidem
713 3239 933 3325 Martianique
954 3238 1047 3305 libris
1070 3249 1219 3321 saturae,
1242 3239 1388 3303 Petronii

265 3340 442 3405 satirarum
456 3341 686 3427 inscriptiones
701 3340 825 3405 inditae
841 3327 933 3424 sunt-3
948 3340 1140 3427 Menippeas
1156 3351 1266 3405 tamen
1277 3362 1388 3405 eorum

265 3453 396 3508 saturas
411 3452 449 3508 ut
463 3442 663 3529 appellemus
686 3444 733 3508 nil
750 3444 881 3508 omnino
898 3442 1042 3525 inducit,
1065 3464 1262 3529 quamquam
1277 3442 1317 3506 de
1332 3442 1387 3507 Se·

265 3567 367 3610 necae
379 3536 711 3609 Ἀποκολοκυντώσει
725 3545 850 3631 primus
859 3544 1007 3629 Scaliger
1022 3566 1093 3609 eam
1106 3546 1302 3608 sententiam
1313 3567 1387 3630 pro-

265 3646 354 3731 tulit,
370 3669 465 3733 quern
481 3658 514 3713 et
529 3648 586 3713 alii
593 3649 620 3733 ²)
636 3658 669 3714 et
683 3670 788 3735 nuper
801 3669 1006 3733 magnacum
1021 3646 1158 3711 fidentia
1168 3645 1387 3711 Buechelerus

336 3905 365 3972 1)
382 3908 473 3958 Huius
492 3913 625 3973 saturam,
644 3924 726 3972 quam
745 3907 839 3958 multis
856 3907 945 3957 modis
963 3907 1146 3958 Varronianis
1164 3906 1282 3957 similem
1300 3907 1386 3956 fuisse

265 3993 454 4044 Buechelerus
473 3992 492 4043 l.
511 4010 534 4045 c.
553 4010 579 4058 p.
597 3995 646 4045 419
665 4009 726 4058 sqq.
746 3993 879 4057 ostendit,
904 3994 1055 4043 carminum
1078 3992 1229 4042 iniectione
1254 3993 1387 4057 composi-

265 4082 324 4128 tam
343 4078 378 4127 ad
395 4078 528 4129 Varronis
547 4094 654 4143 quoque
674 4078 789 4129 eandem
807 4076 977 4142 probandam
996 4076 1110 4127 adhibet
1127 4077 1271 4127 rationem.
1308 4076 1387 4137 Quod

267 4166 459 4230 argumentum
482 4179 543 4213 cum
567 4180 617 4229 per
640 4180 670 4214 se
693 4164 781 4214 solum
803 4178 859 4213 non
880 4162 962 4212 nimis
984 4160 1088 4212 firmum
1110 4163 1147 4212 sit
1170 4188 1200 4196 -
1225 4159 1290 4224 quid
1313 4161 1386 4210 enim

265 4252 377 4299 uetaret
395 4248 530 4300 Senecam
548 4248 601 4299 hoc
619 4264 706 4313 genus
729 4249 775 4299 uel
799 4248 854 4297 sibi
880 4247 1058 4312 excogitasse
1081 4246 1127 4296 nel
1146 4246 1181 4296 ab
1204 4247 1300 4309 ignoto
1320 4259 1387 4308 quo·

257 4320 338 4385 'libat
355 4336 492 4400 scriptore
515 4335 683 4398 sumpsisse?
702 4362 734 4369 —
757 4348 818 4383 cum
842 4332 907 4382 aliis
929 4335 1022 4381 tamen
1046 4346 1117 4395 quae
1141 4346 1225 4395 supra
1247 4330 1304 4378 iam
1324 4345 1386 4395 pro·

265 4420 349 4486 posui
365 4435 417 4469 nec
435 4420 529 4484 inepte
547 4435 599 4470 nec
616 4418 756 4469 inutiliter
775 4420 963 4483 componetur·
1479 4480 1482 4485 ι

288 4567 291 4572 Ι
334 4503 362 4567 2)
381 4504 478 4570 Lipsio
501 4518 610 4569 quoque
634 4504 662 4553 id
686 4504 814 4569 Scaliger
835 4502 946 4553 uidetur
962 4501 1151 4566 persuasisse,
1177 4501 1254 4550 cuius
1272 4499 1387 4564 ‘Satyra
1456 4557 1458 4561 λ

265 4589 450 4654 Menippaea’
475 4590 627 4653 Somnium,
657 4604 713 4654 qua
736 4590 896 4639 criticorum
920 4587 1121 4651 peruersitates
1149 4585 1326 4651 perstringit,
1351 4583 1385 4633 ad

266 4673 392 4725 Senecae
412 4676 554 4741 exemplar
571 4679 630 4725 tota
649 4676 779 4724 instituta
797 4676 848 4725 est.

1139 4755 1184 4818 2*
