3559 5709
430 693 495 757 240
535 641 545 658 ⁸
797 698 831 756 u.
855 698 1016 756 sternuto
1039 697 1179 792 VARRQN!

430 883 502 924 mm
525 859 675 946 exempla
701 860 825 946 passim
852 860 1036 946 perscripta
1063 868 1139 923 sunt
1165 868 1198 924 et
1226 868 1302 924 sunt
1325 867 1418 924 nota.
1467 847 1562 940 Quae

431 962 531 1048 siquis
560 962 746 1047 conceperit
779 961 904 1042 animo,
939 982 1004 1025 non
1031 959 1128 1025 facile
1160 959 1301 1027 labetur.
1354 959 1459 1025 Sunt
1474 962 1562 1024 enim

229 1068 233 1075 '
318 1116 321 1123 i
414 1063 600 1129 euidenter
623 1062 773 1149 exposita
797 1064 844 1145 [et
865 1061 1007 1144 Lucilio]
1032 1073 1064 1127 et
1085 1062 1229 1127 Varroni
1250 1061 1459 1147 Menippe0.'

514 1299 681 1365 Arnobius
703 1299 754 1363 VI
775 1307 816 1369 23
851 1298 934 1363 ‘Vbi
956 1299 1096 1384 denique
1119 1296 1239 1383 Apollo
1262 1297 1416 1378 diuinus,
1441 1319 1519 1361 cum
1541 1320 1562 1360 a

393 1400 553 1487 5npiratis-
567 1400 805 1486 maritimisque
827 1398 1048 1485 praedonibus
1072 1409 1104 1464 et
1126 1397 1283 1494 spoliatus
1304 1399 1355 1463 ita
1376 1408 1433 1462 est
1456 1406 1489 1462 et
1513 1398 1560 1460 in·
1594 1487 1599 1496 Ι

430 1525 564 1583 census,
586 1512 623 1566 ut
646 1524 688 1565 ex
710 1510 759 1566 toi
781 1501 853 1565 auri
880 1499 1098 1586 ponderibus,
1121 1522 1205 1587 quae
1223 1500 1359 1579 'infinita
1381 1521 1560 1584 congesse-

429 1613 503 1668 rant
527 1602 675 1684 saecula,
704 1626 745 1666 ne
772 1624 872 1665 unum
900 1601 1031 1688 quidem
1058 1592 1210 1668 habuerit
1237 1600 1442 1690 scripulum,
1470 1600 1561 1687 quod

429 1689 670 1772 ‘hirundinibus
699 1704 872 1789 hospitis,'
902 1704 1006 1768 Varro
1037 1712 1076 1768 ut
1098 1702 1177 1769 dicit
1198 1703 1414 1790 Menippeus,
1451 1712 1559 1768 osten·

429 1806 563 1872 deret’?

378 2038 417 2098 10
512 2025 580 2090 Ver
602 2023 761 2090 blandum
782 2025 873 2110 uiget
895 1922 1081 2108 edidicit}
1095 2024 1189 2121 adest
1210 2021 1330 2107 hospes
1353 2022 1518 2089 hirundo.

923 2158 1041 2242 rmv

512 2263 660 2327 Incertus
683 2262 725 2325 de
746 2260 921 2346 generibus
943 2259 1111 2325 nominum
1132 2267 1194 2328 263
1229 2258 1399 2323 ‘Pelleum
1424 2262 1559 2345 generis

426 2364 534 2429 neutri
555 2372 592 2427 ut
613 2364 734 2428 Varro:
774 2371 840 2426 ‘est
861 2362 926 2443 ibi,
948 2361 1074 2447 inquit,
1101 2362 1129 2424 si
1152 2360 1307 2444 festinas,
1331 2358 1522 2446 pelleum.''

970 2495 1036 2559 XV

511 2598 604 2664 Idem
627 2608 688 2669 269
711 2599 860 2662 ‘Porrurn
882 2500 1012 2682 gerderis
1034 2597 1158 2679 neutri,
1181 2596 1241 2660 sed
1266 2595 1389 2661 Varro:
1417 2602 1560 2683 ‘ponun-

426 2710 480 2764 tur
501 2709 614 2763 tenues
637 2700 761 2786 porri.’'
1594 2692 1599 2703 ’

959 2817 1042 2883 XVI

321 2998 322 3001 ,
376 2937 414 2995 15
510 2921 602 2986 Idem
618 2929 678 2991 308
702 2920 835 2986 ‘Saccus
853 2822 983 3005 gendos
1004 2918 1186 3001 masculini,
1209 2929 1247 2984 ut
1262 2917 1389 2983 Varro:
1417 2921 1558 3002 minum,

424 3024 477 3087 cui
499 3021 580 3086 nihil
602 3021 750 3087 sacculus
774 2997 950 3088 abstulii.’'
1027 3046 1037 3060 ·

424 3213 537 3262 louibus
556 3213 616 3261 sine
636 3212 775 3276 capitibus
795 3212 830 3264 cf.
846 3212 884 3276 fg.
898 3212 952 3261 ino.
967 3211 1007 3270 lx
1026 3216 1054 3260 et
1071 3210 1231 3260 Krahnerus
1250 3210 1283 3259 de
1296 3210 1378 3260 Varr.
1397 3212 1470 3276 phil.
1493 3231 1520 3278 p.
1534 3216 1558 3264 9.

423 3280 547 3345 Iuppiter
556 3280 672 3329 Varroni
686 3284 728 3329 est
740 3281 854 3329 mundus
869 3278 916 3343 (cf.
927 3295 983 3331 e.c.
997 3279 1078 3328 Curio
1092 3280 1129 3343 fg.
1141 3279 1165 3341 1)
1179 3279 1295 3342 ideoque
1308 3280 1466 3342 rotundus3
1481 3287 1558 3331 cete-

424 3364 469 3398 ros
488 3349 552 3397 deos
571 3352 664 3412 partes
682 3349 775 3396 mundi
795 3363 854 3397 esse
873 3348 977 3411 uoluit,
997 3344 1070 3410 quos
1082 3362 1132 3411 per
1150 3347 1304 3396 irrisionem
1323 3346 1370 3394 hic
1389 3348 1475 3397 simul
1497 3366 1557 3398 cum

423 3418 489 3466 Ioue
509 3432 601 3465 eorum
620 3416 699 3480 quasi
712 3421 829 3465 ¹auctore
849 3430 942 3465 omnes
960 3415 1091 3465 rotundos
1110 3414 1191 3464 facit.
1230 3414 1300 3463 ΧΙΙΙ
1318 3414 1504 3478 Augustinus
1523 3418 1556 3466 de

424 3486 530 3534 musica
540 3485 578 3535 IV
590 3486 621 3534 15
641 3484 811 3534 ‘Notandum
831 3488 880 3544 est,
902 3484 930 3531 in
949 3482 1085 3549 principio
1103 3486 1193 3547 posito
1205 3484 1295 3531 minus
1314 3481 1400 3546 pleno
1421 3485 1489 3548 pedi
1510 3492 1558 3534 aut

423 3552 525 3600 ibidem
543 3552 623 3600 reddi·
639 3552 761 3600 debitum
779 3567 829 3616 per
846 3551 986 3600 silentium
1004 3576 1035 3586 -
1056 3550 1150 3599 autin
1168 3550 1221 3599 fine
1235 3576 1266 3585 -
1282 3554 1334 3598 ‚aut
1351 3551 1382 3597 in
1403 3553 1503 3615 aliquo
1523 3554 1556 3602 de

423 3620 522 3667 mediis
535 3619 604 3680 loco,
619 3619 706 3668 ueluti
719 3621 746 3667 in
765 3619 816 3669 hoc
831 3622 876 3671 ...’
901 3618 1032 3669 Varronis
1045 3622 1096 3679 est,
1117 3618 1153 3666 cf.
1168 3618 1206 3683 fg.
1220 3618 1283 3668 XII.
1335 3616 1514 3671 xlv-XVI
1533 3623 1556 3670 si

424 3685 459 3735 ad
471 3687 630 3749 Varronem,
650 3687 685 3735 ad
703 3690 813 3736 saturas
832 3686 972 3751 pertinere
990 3686 1130 3747 uidentur3
1150 3685 1199 3734 sed
1217 3685 1299 3734 ualde
1317 3686 1489 3737 dubitanter
1502 3689 1555 3738 huc

423 3754 527 3811 rettuli,
542 3770 601 3802 cum
615 3769 766 3818 anonymus
787 3770 868 3819 equo
886 3756 976 3819 petita
994 3754 1104 3804 suntin
1122 3753 1285 3817 scriptorum
1304 3754 1470 3804 nominibus
1485 3756 1553 3806 affe-

422 3823 516 3871 rendis
535 3822 619 3871 errori
637 3837 721 3886 saepe
740 3824 778 3871 sit
796 3823 938 3872 obnoxius.
964 3823 1121 3872 'Varroni
1144 3821 1235 3870 falso
1259 3820 1455 3886 adscripta.
1476 3825 1491 3873 I
1510 3824 1553 3874 Cf.

421 3890 500 3955 proil.
521 3907 545 3955 p.
565 3892 606 3940 43.
1365 3909 1367 3913 “

421 4116 509 4173 Keilii
522 4109 535 4197 l}
586 4119 599 4169 1
624 4124 651 4172 et
666 4123 731 4171 sunt
746 4132 800 4170 om.
815 4114 849 4170 M
861 4106 874 4194 Η
925 4118 941 4168 3
963 4115 1086 4187 expositu
1103 4108 1145 4190 [et
1159 4107 1279 4190 Lucilio]
1302 4121 1330 4170 et
1345 4112 1497 4172 Hertzius
1512 4117 1551 4189 cs.

419 4204 504 4273 proll.
516 4220 548 4273 p.
561 4205 593 4256 32
609 4192 622 4280 i}
638 4210 665 4257 et
680 4201 793 4256 Varroni
810 4201 952 4273 Menippco
969 4217 1021 4256 om.
1037 4200 1101 4255 edd.
1117 4205 1183 4255 uest.
1201 4192 1214 4276 ΙΙ
1229 4216 1338 4255 uarrorn
1355 4202 1381 4253 A
1396 4190 1412 4278 ΙΙ
1450 4204 1470 4255 8
1486 4203 1552 4258 dicu

420 4286 577 4361 Menippens
589 4287 652 4342 cdd.
670 4303 699 4341 se
716 4286 878 4359 theriippeus
894 4286 954 4340 cod.
972 4292 1041 4340 teste
1056 4283 1263 4340 Hildebrandio
1279 4285 1463 4356 sethenipeus
1478 4295 1551 4342 teste

422 4372 522 4427 Crusio
549 4373 615 4427 dicit
637 4372 704 4426 scite
727 4371 884 4445 Menippeus
906 4369 1131 4425 Hildebrcndius
1161 4369 1227 4425 dicit
1249 4372 1301 4425 iste
1318 4369 1351 4423 M.
1371 4368 1521 4427 Oehlerus
1538 4366 1549 4449 (Ι

423 4460 454 4510 10
474 4465 503 4519 ,et
519 4459 585 4513 add.
603 4457 753 4527 Roepcrus
764 4457 837 4527 phil.
854 4455 930 4511 xvur
949 4473 978 4525 p.
994 4460 1060 4523 457,
1082 4457 1260 4526 quinarium
1275 4457 1398 4510 ionicum
1416 4461 1549 4526 apnouit.

419 4541 489 4611 Frp.
507 4543 615 4597 inuenit
630 4542 805 4598 Krabnerus
834 4541 919 4598 Varr.
938 4540 1024 4596 Curio
1035 4556 1067 4611 p.
1083 4530 1145 4619 20ss
1199 4543 1230 4593 ll
1253 4540 1364 4613 pilleum
1390 4538 1455 4596 Ouo
1486 4542 1550 4598 Pte·

419 4625 492 4682 ieum
506 4624 654 4697 Hauptius
668 4619 683 4708 ΙΙ
932 4628 936 4644 ’
1207 4649 1208 4652 ’
