3559 5709
756 714 881 771 GAPVT
912 716 922 769 Ι
1375 709 1398 774 5

193 898 199 903 ’
277 877 472 961 fragmentis
500 877 666 941 affirmare
695 876 787 954 licet,
819 879 940 942 serium
966 880 1176 965 iocosumque
1207 878 1260 946 uel
1288 880 1397 965 potius

277 977 402 1043 elatum
424 977 641 1066 humilemque
664 1002 845 1046 sermonem
869 1003 946 1044 suas
974 1004 1133 1067 quemque
1162 991 1290 1046 saturas
1314 981 1396 1046 obti-

276 1082 400 1145 nuisse.
734 1099 737 1104 ·

343 1182 414 1247 Iam
437 1183 481 1248 ad
502 1183 610 1248 Lucili
637 1185 773 1270 triginta
800 1195 985 1250 saturarum
1012 1186 1113 1252 libros
1142 1186 1170 1249 si
1198 1186 1395 1270 accedimus,

276 1296 315 1351 ut
337 1286 470 1373 quaeis
493 1286 626 1351 nouarit
646 1288 680 1350 in
705 1312 742 1353 eo
765 1311 883 1373 genere
912 1310 1162 1373 cognoscamus,
1186 1288 1327 1373 primum
1348 1290 1396 1353 ui-

277 1388 392 1452 demus
416 1410 490 1453 eum
511 1388 665 1453 Enniana
687 1400 863 1455 metrorum
893 1391 1053 1455 uarietate
1075 1389 1264 1476 plerumque
1286 1401 1397 1476 spreta

276 1490 506 1555 hexametrum
527 1513 658 1554 uersum
681 1493 744 1557 sibi
767 1493 935 1579 proprium
959 1492 1153 1574 adsciuisse,
1177 1516 1240 1580 quo
1264 1494 1396 1580 quidem

276 1593 375 1657 unico
397 1592 433 1655 in
455 1592 608 1658 omnibus
630 1616 734 1679 usque
757 1594 801 1658 ad
829 1595 1024 1679 nigesimum
1050 1595 1186 1683 ⁴tertium
1212 1593 1341 1677 libris¹)
1365 1604 1398 1658 et

276 1695 312 1757 in
327 1694 492 1760 tricesimo
518 1716 595 1759 usus
620 1705 685 1779 est3
708 1695 754 1759 ita
775 1706 812 1760 ut
835 1719 1032 1783 quamquam
1054 1699 1089 1760 in
1111 1706 1183 1762 octo
1207 1695 1339 1783 reliquis
1355 1735 1397 1743 -

276 1819 338 1860 nec
363 1796 506 1861 fortasse
535 1796 582 1860 eis
612 1797 827 1862 omnibus-
855 1797 920 1862 alia
947 1820 1075 1885 quoque
1103 1808 1207 1863 metra
1235 1797 1396 1878 adhibuit,

277 1910 388 1964 tamen
410 1921 572 1963 summam
593 1922 661 1963 rem
683 1900 711 1963 si
734 1908 861 1985 spectas
884 1900 969 1964 inter
992 1900 1172 1986 dactylicos
1195 1909 1309 1987 poetas
1332 1900 1396 1966 Lu-

277 2000 372 2065 cilius
394 2000 564 2086 ponendus
589 2002 632 2066 sit
655 2010 687 2066 et
709 2002 743 2065 in
765 2024 800 2066 re
823 2002 958 2066 metrica
979 2002 1118 2089 Horatio
1147 2001 1397 2088 posterioribus-

277 2125 340 2189 que
374 2102 560 2188 exemplum
590 2103 691 2167 fuerit
719 2103 808 2190 quod
842 2114 1064 2190 sequerentur.
1120 2105 1397 2188 Argumentorum

277 2214 388 2269 autem
415 2205 612 2270 uarietatem
633 2206 740 2268 Ennio
768 2207 915 2293 profecto
945 2230 1011 2272 non
1039 2207 1198 2269 minorem
1225 2204 1396 2290 amplexus

277 2316 339 2373 est.
383 2307 423 2370 ln
452 2305 521 2371 eius
551 2293 636 2371 enim
664 2289 785 2372 saturis
814 2308 884 2372 fere
913 2308 1020 2372 dicam
1047 2308 1088 2372 de
1117 2307 1268 2372 omnibus
1297 2306 1395 2372 rebus

277 2410 439 2493 agebatur
452 2431 540 2473 nunc
556 2409 640 2474 serie
655 2432 739 2473 nunc
753 2410 875 2489 iocose,
893 2411 987 2475 docte
1010 2420 1043 2475 et
1064 2397 1207 2490 indocte,
1230 2408 1396 2472 narrando

276 2510 330 2575 uel
354 2509 612 2589 sermocinando,
637 2534 741 2598 neque
764 2511 832 2576 ulla
854 2535 905 2576 res
929 2536 994 2598 qua
1014 2512 1180 2592 hominurn
1197 2520 1321 2575 mentes
1345 2533 1395 2575 oc-

276 2611 393 2699 cupari
414 2621 553 2698 possunt
575 2613 700 2678 aberat.
744 2614 819 2680 Non
848 2614 933 2678 enim
954 2622 992 2679 ut
1019 2613 1211 2679 Gerlachius
1235 2611 1269 2675 in
1291 2612 1395 2697 praef.

277 2714 321 2779 ad
343 2713 507 2779 Lucilium
532 2714 691 2780 ariolatur
712 2739 743 2802 p.
764 2726 825 2786 114
849 2716 982 2780 ‘reiecta
1003 2716 1103 2779 Ennii
1125 2714 1321 2780 cruditione’
1346 2735 1395 2775 sa-

276 2826 368 2881 turas
393 2816 541 2901 scripsit,
574 2817 631 2880 sed
654 2816 847 2904 locupletior
875 2818 969 2882 testis
994 2816 1217 2898 Quintilianus
1241 2821 1395 2880 ‘eruditio-

276 2926 355 2984 nem'
378 2928 415 2983 ut
436 2918 579 2982 uidimus
604 2925 648 2982 ‘ia
670 2940 704 2983 eo
726 2925 834 2982 mirum
857 2930 887 2983 et
909 2924 1075 2982 libertatem
1104 2929 1195 2997 etque
1217 2922 1288 2980 inde
1310 2937 1395 2980 urer-

277 3028 399 3085 be‘tutem
421 3032 450 3084 et
472 3026 690 3085 abundantiam
713 3026 797 3083 sulis'
821 3018 1002 3107 praedicat.
1039 3019 1133 3083 Haec
1147 3018 1263 3083 ultima
1286 3025 1396 3081 autem

276 3126 311 3188 ni
333 3122 429 3187 fallor
458 3123 500 3187 ab
528 3122 635 3186 Ennio
659 3145 733 3187 eum
757 3122 1017 3206 distinguebant,
1039 3123 1074 3185 in
1096 3142 1159 3207 quo
1182 3143 1242 3185 nos
1265 3118 1396 3204 quidem

276 3224 421 3290 ludibria
444 3233 477 3288 et
498 3224 683 3290 irrisionem
706 3223 945 3306 desideramus3
973 3223 1054 3288 haec
1081 3222 1181 3288 etiam
1208 3220 1395 3308 posteriori-

275 3328 339 3392 bus
363 3349 437 3391 eum
459 3325 605 3411 adprime
633 3324 808 3409 legendum
832 3337 864 3391 et
885 3326 1080 3390 imitandum
1110 3324 1301 3409 scriptorem
1322 3321 1395 3385 red·

277 3428 401 3494 debant
437 3428 670 3513 Ennianosque
707 3426 837 3493 labores
871 3437 1042 3513 tantopere
1076 3425 1316 3504 obscurabant,
1358 3433 1395 3487 ut

276 3528 330 3594 uel
350 3530 555 3602 inuentorem
577 3539 726 3612 saturae,
749 3551 864 3616 nempe
891 3529 951 3592 ubi
979 3529 1019 3591 de
1048 3525 1172 3591 salibus
1202 3528 1232 3590 ei
1259 3525 1396 3589 carmini

276 3631 419 3718 propriis
447 3631 621 3717 praecipue
649 3631 774 3715 agitur,
803 3630 967 3695 Lucilium
993 3627 1150 3692 Horatius
1180 3626 1302 3692 dixerit
1329 3648 1394 3690 ser-

277 3756 411 3798 monum
432 3732 450 3796 I
473 3734 524 3815 10,
547 3731 626 3818 48-2)
679 3732 786 3813 Quam
816 3730 925 3797 Lucili
953 3741 985 3796 et
1012 3730 1169 3796 uirtutem
1197 3739 1230 3795 et
1256 3728 1394 3813 gloriam

348 3973 374 4040 1)
392 3974 472 4023 Haec
490 3971 543 4023 duo
562 3973 720 4039 fragmenta
738 3973 756 4024 l.
776 3973 826 4022 XX
844 3974 860 4023 8
880 3972 954 4023 Gerl.
975 3976 1003 4022 et
1012 3971 1093 4021 XXII
1111 3973 1136 4034 1,
1155 3986 1216 4019 cum
1235 3968 1295 4018 sola
1314 3984 1393 4018 sena-

277 4060 327 4110 riis
347 4060 506 4123 conscripta
524 4058 593 4121 sint,
619 4056 654 4107 ad
677 4058 844 4123 posteriores
868 4058 987 4108 fortasse
1006 4056 1091 4106 libros
1110 4068 1283 4104 numerorum
1302 4067 1394 4101 emen·

278 4144 391 4194 datione
410 4142 552 4193 reicienda
570 4147 642 4192 sunt.

346 4225 374 4290 2)
392 4227 476 4277 Ennii
494 4231 604 4278 saturas
617 4227 750 4278 Horatius
763 4228 882 4278 fortasse
901 4242 935 4276 ne
954 4230 1070 4277 nouerat
1083 4224 1205 4289 quidem;
1226 4224 1301 4270 certe
1319 4235 1394 4272 men·

276 4315 383 4364 tionem
408 4328 503 4362 earum
525 4312 631 4362 nullam
654 4313 733 4365 facit.
777 4300 848 4362 Nam
871 4313 959 4361 ‘rudes
981 4320 1007 4360 et
1031 4311 1137 4361 &accis
1159 4309 1250 4357 intacti
1276 4308 1394 4357 cananis

277 4402 384 4450 auctor’
406 4394 482 4461 (ibid.
495 4412 523 4447 u.
536 4397 579 4461 66)
598 4395 675 4448 nullo
694 4396 772 4447 modo
791 4397 897 4446 Ennius
915 4393 1023 4459 dicitur,
1043 4394 1091 4445 sed
1109 4392 1182 4458 quod
1199 4392 1280 4441 unice
1299 4407 1394 4441 uerum

278 4482 408 4533 Orainius
435 4479 545 4547 (philol.
569 4481 609 4531 IX
631 4498 658 4547 p.
683 4483 732 4531 575
756 4480 830 4546 sqq.)
854 4484 882 4531 et
904 4479 1075 4531 Ribbeckius
1100 4477 1182 4541 (ann.
1205 4476 1301 4543 philol.
1328 4476 1393 4526 1858

277 4586 303 4634 p.
318 4566 378 4632 213)
392 4570 580 4619 monstrarunt
597 4568 621 4616 is
641 4568 688 4630 qui
705 4567 832 4617 uersibus
851 4566 985 4616 saturniis
999 4579 1109 4614 carmen
1122 4562 1287 4628 composuit;
1308 4561 1393 4625 aptis·

277 4653 346 4705 sime
365 4653 393 4703 ni
411 4651 498 4704 fallor
515 4651 547 4703 de
565 4651 648 4702 Liuio
666 4650 821 4702 Andronico
840 4650 1013 4716 cogitabitun
