3559 5709
740 697 773 752 Μ.
797 696 935 754 TERENTI
959 696 1121 752 VARRONIS

574 861 687 924 Zonae
709 860 853 944 cingunt,
877 881 936 946 per
959 861 1056 944 quam
1079 856 1201 923 limbus

573 962 630 1026 Bis
655 964 715 1026 sex
737 960 839 1045 signis
864 959 1162 1026 stellumicautibus

575 1064 683 1148 Aptus
706 1062 740 1125 in
763 1062 895 1149 obliquo
918 1061 1050 1127 aethere
1072 1063 1185 1126 Lunae

575 1163 677 1247 Bigas
701 1173 852 1250 acceptat
876 1212 883 1227 .
908 1213 916 1227 .
943 1211 951 1227 .

770 1281 1095 1347 EODEMETIGVS

322 1397 341 1455 5
456 1384 584 1450 Gellius
600 1384 688 1447 XIX
707 1393 738 1466 8,
755 1395 794 1454 17
818 1384 935 1466 ‘Quod
957 1407 1059 1448 unum
1081 1406 1159 1469 crgo
1182 1383 1388 1448 rarissimum
1408 1385 1499 1450 uide-

371 1488 481 1568 batur,
504 1487 689 1550 inuenirnus
718 1486 949 1572 ‘quadrigam'
973 1508 1108 1551 numero
1137 1483 1296 1570 singulari
1319 1486 1445 1552 dictam
1466 1487 1500 1549 in

371 1588 457 1654 libro
472 1596 665 1652 'saturarum
686 1587 731 1659 M.
748 1586 906 1652 Varronis
923 1588 979 1674 qui
1001 1588 1179 1674 inscriptus
1202 1598 1253 1652 est
1267 1586 1498 1653 Ecdemcticus

375 1687 643 1774 (Exdemctricus
685 1695 790 1753 Petuu.
830 1692 1034 1767 Suneermun.
1070 1692 1217 1768 Maeliab.
1262 1688 1499 1754 Exdcmeticus

372 1796 513 1869 hredun.
537 1789 761 1871 Exdemiticus
785 1795 861 1870 Rae.
887 1790 1098 1855 ....etricis
1128 1789 1237 1876 Voss).
1282 1789 1335 1854 Of.
1364 1790 1499 1856 Seruius

325 1892 406 1958 rein
427 1891 550 1957 Donat.
578 1914 611 1978 p.
642 1901 723 1963 1843
745 1891 781 1955 Ρ.
805 1898 883 1972 432,
914 1899 953 1961 25
980 1890 1066 1956 Keil.
1099 1890 1304 1975 ‘Quadrigas
1333 1890 1414 1957 dicit
1442 1914 1501 1956 nu·

373 1993 454 2057 meri
476 2002 605 2057 tantum
626 1992 779 2078 pluralis3
803 1992 861 2057 sed
876 1993 984 2057 Varro
1008 1993 1088 2058 dicit
1110 2001 1142 2057 et
1165 2014 1298 2057 numero
1314 1981 1504 2077 singulari,¹

374 2093 575 2174 Ecdemetici
595 2116 713 2159 nomon
734 2093 905 2158 Vahlenus
930 2117 1011 2160 mus.
1033 2092 1146 2181 philol.
1170 2092 1296 2163 XVIII,
1315 2101 1379 2163 319
1408 2094 1501 2159 resti·

374 2196 445 2260 tuit.
491 2195 773 2281 ‘Quadrigam’
797 2196 905 2261 Varro
929 2195 970 2260 de
992 2196 1012 2261 l.
1036 2195 1058 2260 l.
1082 2195 1117 2259 X
1140 2204 1180 2264 24
1202 2217 1269 2261 non
1290 2196 1454 2282 agnoscit.

810 2313 1070 2380 ΕΚΑΤΟΜΒΗ

809 2412 908 2502 [Περὶ
929 2414 1078 2498 θυσιῶν]

526 2618 648 2703 Lydon
670 2619 773 2682 fluens
797 2618 859 2685 sub
883 2516 1042 2683 Slairlibus
1065 2618 1187 2683 flumen
1209 2617 1285 2683 tulit

326 2754 365 2813 15
425 2729 429 2734 ’
530 2721 669 2802 Aurum,
692 2719 794 2784 latere
816 2719 905 2806 quod
928 2719 1167 2806 conquadrauit
1189 2720 1282 2804 regio
1304 2757 1347 2768 -

376 2894 460 2957 Verg.
479 2893 541 2947 Ecl.
560 2894 599 2943 VI
619 2894 650 2943 31
669 2909 697 2958 p.
717 2894 759 2956 18,
778 2895 794 2942 2
812 2892 847 2942 K.
888 2891 1044 2941 ‘Caelum
1061 2908 1193 2957 -quem
1213 2891 1327 2942 eundem
1351 2893 1503 2943 mundum

377 2966 405 3011 ct
423 2954 555 3026 κόσμον
573 2962 675 3009 dictum
698 2960 797 3025 probat
819 2962 908 3009 Varro
926 2961 955 3009 in
974 2960 1099 3025 Cynicis,
1124 2976 1207 3025 quam
1229 2960 1376 3025 inscripsit
1393 2960 1504 3012 Dolium

376 3034 425 3079 aut
444 3031 527 3090 seria,
548 3029 603 3078 sic:
623 3029 738 3078 mundus
754 3064 759 3076 .
776 3065 781 3076 .
796 3033 814 3077 .’
850 3028 894 3082 cf.
913 3029 1054 3094 Vergilius
1072 3028 1175 3094 Georg.
1193 3029 1275 3079 1231
1294 3043 1353 3093 sqq.
1384 3028 1503 3079 ‘Idcirco

377 3098 461 3147 certis
479 3097 630 3145 dimensum
652 3096 778 3161 partibus
802 3095 896 3145 orbem
913 3098 968 3147 Per
985 3097 1112 3146 duodena
1134 3098 1208 3162 regit
1226 3096 1320 3145 mundi
1337 3095 1385 3147 Sol
1404 3112 1503 3147 aureus

378 3171 464 3217 astra,
506 3166 633 3227 Quinque
657 3169 754 3214 tenent
778 3165 885 3214 caelum
909 3180 1008 3225 zonac3
1033 3180 1146 3229 quarum
1169 3180 1226 3213 una
1249 3179 1364 3214 corusco
1390 3163 1504 3230 Semper

376 3233 436 3283 sole
456 3232 557 3282 rubens
576 3236 605 3281 et
622 3233 727 3281 torrida
746 3247 854 3297 semper
873 3234 908 3282 ab
926 3234 998 3297 igni3
1019 3234 1107 3293 Quam
1126 3234 1229 3283 circum
1242 3234 1387 3282 extremae
1405 3231 1504 3283 dextra

377 3300 515 3366 laeuaque
535 3299 680 3349 trabuntur
710 3299 876 3363 Caeruleos,
890 3299 982 3364 glacie
1003 3305 1151 3351 concretae
1171 3304 1254 3365 atque
1267 3299 1402 3350 imbribus
1421 3301 1505 3362 atris3

376 3370 436 3418 Has
455 3371 528 3420 inter
546 3367 719 3433 mediamque
743 3368 814 3417 duae
838 3368 1002 3418 mortalibus
1026 3370 1119 3433 aegris
1154 3369 1269 3417 Munere
1292 3382 1446 3418 concessae
1465 3368 1504 3418 di·

376 3452 438 3486 uom
467 3441 495 3487 et
518 3437 565 3487 uia
590 3441 668 3485 secta
692 3452 742 3501 per
765 3436 875 3498 ambas,
909 3436 1046 3501 Obliquus
1071 3452 1124 3501 qua
1153 3451 1182 3485 se
1210 3436 1350 3501 signorum
1382 3439 1508 3486 uerteret

377 3505 462 3557 ordo)
499 3505 541 3555 cf.
561 3504 805 3555 Reifferscheidius
824 3504 936 3554 Sueton.
955 3505 1054 3569 rcliqq.
1074 3523 1100 3569 p.
1121 3507 1170 3555 195
1188 3518 1248 3569 sqq.

444 3570 658 3623 ΕΚΑΤΟΜΒΗ.
689 3570 774 3635 Περὶ
797 3570 931 3623 θυσιῶν
949 3573 1022 3621 inter
1039 3572 1159 3623 Luciaui
1177 3573 1281 3635 scripta
1300 3574 1390 3634 extat3
1408 3587 1440 3625 π.
1454 3570 1506 3637 βω-

378 3780 453 3819 mese
476 3761 580 3818 Iunius
601 3763 746 3818 arsimudu.
766 3779 797 3834 p.
821 3766 878 3819 117.
913 3763 1035 3837 segmine
1056 3764 1198 3819 Burtbius
1220 3765 1286 3819 adu.
1301 3780 1331 3834 p.
1345 3764 1414 3817 2295
1435 3754 1451 3843 ΙΙ

379 3853 389 3902 l
422 3865 501 3921 quam
524 3848 646 3920 quinquo
667 3846 721 3903 alte
747 3848 880 3921 fragmino
904 3865 988 3904 zonae
1015 3849 1213 3904 Buechelerus
1233 3864 1304 3904 mur.
1323 3847 1427 3919 philol.
1452 3848 1508 3904 xlx

374 3924 804 4011 p.47511pictuspostlimbus
825 3934 964 3989 deleniat
983 3935 1124 4006 glossema
1145 3934 1225 3989 uocis
1254 3940 1348 4007 aptus,
1370 3947 1449 4003 quae
1470 3935 1508 3988 le-

376 4020 470 4091 gende
485 4024 528 4075 est
541 4034 596 4089 pro
614 4016 685 4073 ultus
701 4009 714 4096 ll
772 4018 1056 4073 tstclluuricantibus
1078 4018 1149 4073 Pur.
1172 4018 1233 4074 Vnt.
1265 4017 1509 4075 stellirnicantibus
1620 4033 1623 4080 ·,

379 4104 509 4175 800119ον
524 4103 610 4160 catat.
620 4119 649 4173 p.
658 4107 709 4156 246
733 4103 821 4159 stollis
836 4102 999 4158 mirantibus
1014 4103 1132 4158 lisoius
1147 4105 1179 4158 ni
1191 4102 1283 4175 fultor
1297 4094 1312 4182 ΙΙ
1347 4107 1365 4155 4
1380 4111 1510 4176 receptat

378 4190 487 4261 Popme
507 4180 521 4267 Η
545 4190 738 4244 Tetrumetros
759 4190 959 4259 anapaesticus
983 4187 1173 4243 Hermurnus
1198 4189 1282 4247 elem.
1309 4188 1402 4243 doctr.
1425 4194 1511 4246 metr.

377 4292 405 4345 p.
421 4278 478 4336 388,
496 4274 724 4345 Aristophaneus
740 4275 769 4330 L.
781 4273 940 4328 Muellerus
950 4291 984 4344 p.
998 4276 1047 4325 147
1063 4278 1249 4345 temptarunt,
1265 4274 1402 4329 dimetros
1417 4290 1508 4344 cnop.

380 4359 577 4414 Buechelerus
598 4361 716 4432 agnouit
735 4349 748 4437 {l
807 4362 839 4411 14
860 4358 937 4413 Ludo
953 4358 1005 4413 BL
1020 4376 1056 4414 m.
1072 4375 1128 4415 sec.
1156 4358 1252 4414 Ludon
1267 4359 1322 4413 HL
1336 4373 1375 4411 m.
1388 4373 1439 4427 pr.
1465 4359 1509 4424 W,

379 4459 462 4514 quem
482 4431 645 4517 ἀρχαϊσμὸν
665 4448 695 4499 in
712 4444 826 4499 Graece
846 4459 918 4499 uoce
937 4459 1042 4516 eruere
1056 4446 1137 4516 flexu
1167 4460 1224 4499 non
1239 4443 1338 4514 recepi
1358 4441 1425 4499 ludo
1443 4443 1508 4500 ΑΜ.

379 4529 448 4584 Lino
471 4530 515 4584 ed.
546 4532 611 4583 1526
637 4530 729 4586 Ladon
750 4529 853 4584 Iunius
879 4529 983 4601 Lydum
1011 4528 1162 4585 Mercerus
1185 4520 1200 4608 ss
1264 4531 1295 4581 15
1318 4543 1433 4583 auremn
1457 4527 1509 4584 Iu-

380 4615 443 4669 nius
457 4604 473 4695 U
486 4613 556 4671 lator
569 4614 700 4673 BHLW
707 4633 737 4689 p.
755 4617 802 4669 131
819 4614 958 4702 13an.
972 4618 1023 4669 520
1040 4632 1121 4693 quern
1137 4613 1335 4691 conquadrauit
1356 4612 1396 4668 W
1404 4629 1436 4688 p.
1454 4615 1507 4672 520
