3559 5709
709 722 836 778 capvt
865 724 875 779 l
1307 718 1349 783 45

232 884 313 949 alios
329 922 371 932 —-
387 883 494 966 dedit3
518 884 577 947 sed
599 884 633 946 in
655 893 748 949 tanta
769 886 1020 975 inscriptionum
1042 889 1202 954 uarietate
1225 888 1251 951 si
1266 886 1348 952 tales

232 1009 362 1073 quoque
386 984 562 1072 aliquando
586 985 649 1050 sibi
677 985 831 1067 indulsit,
866 987 1012 1052 iocosam
1040 988 1086 1053 ibi
1113 990 1218 1073 magis
1246 986 1348 1075 philo·
1374 1059 1391 1090 ἢ

232 1087 411 1171 sophorum
433 1086 634 1151 Graecorum
655 1087 873 1153 imitationem
895 1112 993 1177 quam
1021 1092 1138 1155 seriam
1167 1091 1350 1175 argumenti

232 1189 443 1254 describendi
466 1190 708 1254 accurationem
731 1212 955 1274 agnoscemus,

226 1372 229 1375 Ι
317 1292 447 1355 Paucae
469 1314 557 1356 nunc
578 1300 705 1356 restant
731 1293 962 1379 inscriptiones
986 1318 1068 1380 quae
1092 1295 1250 1359 curiosius
1274 1315 1349 1358 exa-

231 1392 407 1458 minandae
435 1403 522 1457 sunt.
572 1394 719 1458 Primum
748 1402 864 1458 ‘sotira
887 1401 1052 1476 Menippea
1074 1417 1164 1476 qaam
1186 1403 1224 1461 de
1246 1399 1350 1472 officio

230 1502 339 1559 mariti
357 1502 496 1575 sempsit'
526 1493 667 1582 (Gellius
691 1493 708 1557 Ι
732 1507 786 1577 17,
812 1499 846 1579 4)
876 1519 950 1560 cum
972 1521 992 1561 a
1013 1496 1199 1562 Mercklino
1221 1496 1242 1560 l.
1266 1519 1294 1560 c.
1316 1520 1350 1583 p.

232 1606 295 1667 378
318 1606 350 1660 et
372 1596 522 1662 Vahleno
546 1595 631 1662 coni.
654 1619 686 1682 p.
711 1606 771 1667 193
795 1620 844 1683 sq.
869 1598 954 1662 anal.
978 1598 1062 1663 Non.
1086 1623 1118 1685 p.
1143 1608 1182 1669 28
1209 1620 1269 1684 pro
1298 1620 1349 1661 ea-

231 1698 309 1762 dem
331 1699 375 1762 sit
389 1698 504 1764 habita
519 1709 617 1784 atque
639 1682 753 1781 Εὗρεν
775 1691 795 1781 ἡ
819 1691 924 1773 λοπὰς
945 1690 983 1763 τὸ
1006 1698 1120 1781 πῶμα,
1143 1696 1218 1781 περὶ
1241 1705 1351 1781 καθη-

230 1798 366 1865 κόντων
389 1799 455 1862 τῶν
477 1798 717 1883 γεγαμηκότων
739 1800 810 1864 siue
833 1822 866 1864 π.
884 1799 1105 1884 καθηκόντως
1119 1825 1189 1884 γεγ.
1215 1801 1270 1887 (de
1286 1822 1349 1887 quo

230 1904 328 1968 titulo
350 1925 384 1966 u.
407 1900 519 1967 adnot.
549 1901 591 1966 ad
612 1901 697 1971 hanc
720 1904 895 1989 saturam),
925 1903 1092 1980 Vahlenus
1121 1905 1196 1989 ipsa
1223 1924 1350 1988 quoque

229 2004 457 2091 inscriptionis
479 2004 626 2068 uerba'a
649 2001 756 2069 Gellio
785 2028 802 2068 e
825 2004 953 2089 graecis
982 2028 1053 2070 esse
1076 2027 1234 2070 conuersa
1257 2003 1348 2068 dicit.

177 2136 179 2139 ·
232 2105 300 2171 Sed
321 2104 396 2171 nolo
419 2105 550 2191 quidem
573 2128 720 2191 premere
743 2129 847 2191 neque
876 2106 994 2170 harum
1015 2107 1272 2193 inscriptionum
1299 2128 1350 2168 ra-

230 2209 354 2273 tionem
379 2206 593 2271 fundamento
616 2206 775 2272 librorum
797 2206 909 2271 ualido
931 2209 991 2271 niti
1014 2232 1118 2296 neque
1142 2204 1217 2289 ascl
1240 2212 1350 2289 καθη-

231 2305 361 2383 κόντως
382 2303 620 2391 γεγαμηκότων
643 2309 792 2391 (alterius
809 2309 895 2372 enim
911 2309 1000 2374 illius
1016 2310 1236 2396 inscriptionis
1257 2330 1350 2393 grae·

231 2412 368 2476 citatem
383 2409 601 2475 Buechelerus
618 2433 701 2473 mus
719 2409 830 2496 philol.
846 2411 932 2475 XIV
948 2421 1009 2481 452
1033 2423 1120 2476 recte
1135 2408 1349 2496 improbauit)

230 2513 319 2577 uerti
333 2512 481 2598 potuisse
496 2513 549 2576 ‘de
565 2512 673 2576 officio
696 2512 867 2596 mariti’3
892 2512 1039 2606 sufficiat
1049 2515 1157 2600 potius
1173 2512 1348 2592 monuisse,

230 2613 395 2695 Gellium,
424 2636 520 2701 quem
548 2625 734 2678 saturarum
761 2616 893 2679 nomina
920 2624 1073 2679 accurate
1101 2612 1264 2698 ceteroqui
1287 2622 1350 2675 ret-

230 2714 349 2781 tulisse
373 2714 509 2797 scimus,
538 2716 784 2802 inscriptionem
805 2716 867 2780 hoc
888 2716 960 2782 loco
983 2718 1089 2803 ipsam
1111 2715 1249 2780 reddere
1275 2737 1351 2779 non

230 2818 422 2904 potuisse
456 2816 547 2902 (nam
575 2819 603 2881 si
632 2818 809 2904 potuisset,
844 2818 992 2904 profecto
1021 2842 1087 2882 non
1113 2826 1240 2902 partem
1262 2814 1350 2880 tituli

229 2920 400 2991 uertisset,
425 2918 482 2983 sed
505 2922 613 3004 ipsum
636 2919 823 3004 etquidem
845 2929 951 2983 totum
973 2919 1192 3004 scripsisset),
1217 2918 1274 2981 sed
1297 2917 1350 2979 de-

231 3021 323 3085 disse
346 3020 434 3107 quod
455 3020 490 3082 in
512 3019 602 3086 fonte
618 3044 676 3086 suo
699 3022 871 3085 inuenerit.
911 3020 1015 3101 Quem
1031 3010 1153 3084 fontem
1167 3018 1229 3084 hoc
1245 3018 1351 3103 capite

231 3120 377 3207 aliquem
400 3121 521 3187 librum
543 3121 699 3186 moralem
729 3122 800 3187 dico
829 3123 950 3204 fuisse,
978 3120 1203 3186 nec·multum
1232 3143 1252 3183 a
1272 3142 1350 3184 uero

230 3224 479 3305 aberrabimus,
504 3225 533 3286 si
554 3224 712 3288 incertam
735 3223 820 3288 tituli
844 3224 1079 3290 obscuritatem
1101 3246 1175 3287 cum
1198 3230 1352 3286 accurata

230 3326 374 3390 ‘satirae
402 3326 614 3412 Menippeae’
646 3326 811 3390 mentione
843 3326 890 3389 ita
918 3348 1167 3412 componemus,
1199 3335 1236 3389 ut
1267 3325 1352 3387 inter

230 3428 345 3513 capita
367 3427 435 3492 eius
459 3426 536 3492 libri
558 3450 659 3491 unum
682 3428 785 3491 fuisse
808 3433 859 3491 ‘de
881 3431 985 3504 officio
1007 3433 1124 3490 maritr'
1148 3448 1349 3505 censeamus,

229 3530 269 3593 in
292 3552 355 3615 quo
373 3551 446 3593 cum
462 3528 599 3593 aliorum
622 3529 765 3593 fortasse
787 3528 850 3592 loci
873 3530 1070 3614 scriptorum
1092 3538 1162 3593 tum
1185 3533 1352 3591 ‘Varronis

230 3640 265 3695 ἐν
281 3638 378 3695 sotira
395 3637 571 3711 Mentopca’
595 3630 733 3695 alicuius
756 3632 923 3717 praecepti
946 3630 1107 3717 probandi
1130 3653 1231 3694 causa
1252 3630 1351 3715 positi

230 3733 366 3799 fuerint.
410 3733 532 3797 Vtrum
553 3733 655 3817 igitur
682 3733 901 3823 fragmentum
928 3731 976 3795 illi
1000 3742 1130 3796 saumae
1153 3754 1194 3795 an
1217 3729 1351 3795 cuilibet

231 3834 291 3898 alii
314 3834 355 3898 sit
377 3833 643 3917 adscribendum,
667 3834 702 3898 id
717 3857 758 3898 ne
773 3835 950 3909 coniectari
972 3833 1103 3920 quidem
1117 3856 1204 3897 nunc
1219 3832 1350 3918 poterit.

231 3935 364 4001 Deinde
387 3940 506 4000 ‘Varro
529 3943 567 4001 de
585 3944 779 4002 nontrsmotr's'
802 3960 821 3999 a
836 3937 1004 4000 Prisciano
1027 3936 1048 3999 l.
1071 3934 1122 3998 VI
1143 3959 1175 4021 p.
1199 3944 1260 4004 209
1283 3932 1350 3996 lau-

233 4038 346 4119 datus,
369 4060 442 4110 cum
465 4037 684 4122 fragmentum
705 4038 752 4103 ibi
774 4039 919 4126 positum
942 4038 982 4101 de
1004 4036 1090 4101 libro
1112 4036 1216 4099 seriae
1233 4034 1350 4098 doctri-

230 4162 297 4203 nae
324 4140 467 4224 cogitare
489 4163 556 4205 non
571 4139 669 4222 sinat,
693 4141 735 4204 ad
756 4141 969 4225 Octogessem
992 4150 1137 4204 saturam
1161 4136 1350 4200 referendus

231 4250 295 4322 est,
319 4242 410 4306 cuius
427 4240 565 4307 alteram
580 4242 825 4328 inscriptionem
841 4238 917 4321 περὶ
933 4234 1149 4322 νομισμάτων
1162 4237 1349 4301 Priscianus

230 4344 306 4407 siue
329 4342 385 4430 qui
407 4345 437 4407 ei
460 4354 574 4408 auctor
597 4352 667 4408 erat
694 4344 759 4407 iam
788 4344 936 4407 additam
962 4342 1089 4405 inuenit
1117 4351 1150 4404 et
1176 4377 1219 4389 ψ
1247 4361 1352 4425 parua

230 4445 321 4510 enim
344 4446 475 4510 omnino
502 4445 588 4509 illius
617 4447 653 4509 in
680 4445 948 4530 inscriptionibus
972 4443 1053 4505 fides
1077 4451 1128 4506 est
1148 4480 1191 4489 -
1213 4440 1349 4504 latinum

227 4549 267 4611 in
297 4569 480 4618 sermonem
506 4548 623 4632 uertit3
656 4548 699 4612 cf.
723 4546 881 4613 Oehlerus
910 4569 941 4632 p⁴
966 4555 1017 4614 74.
1052 4539 1298 4608 Mercklinus'l.
1322 4562 1349 4603 c.

230 4659 295 4720 377
319 4671 367 4735 sq.
400 4658 434 4713 et
458 4647 571 4736 philol.
594 4649 683 4715 XIII
706 4660 777 4720 717.
822 4649 925 4714 Porro
948 4647 1162 4732 Philargyrus
1191 4647 1227 4709 in
1248 4644 1349 4727 Verg.
