<?xml version="1.0" encoding="UTF-8"?>
<!DOCTYPE html PUBLIC "-//W3C//DTD XHTML 1.0 Transitional//EN"
    "http://www.w3.org/TR/xhtml1/DTD/xhtml1-transitional.dtd">
<html xmlns="http://www.w3.org/1999/xhtml" xml:lang="en" lang="en">
 <head>
  <title>
</title>
<meta http-equiv="Content-Type" content="text/html;charset=utf-8" />
  <meta name='ocr-system' content='tesseract 3.04.00' />
  <meta name='ocr-capabilities' content='ocr_page ocr_carea ocr_par ocr_line ocrx_word'/>
</head>
<body>
  <div class='ocr_page' id='page_1' title='image "./saturarummenipp00riesgoog_0050.png"; bbox 0 0 3559 5709; ppageno 0'>
   <div class='ocr_carea' id='block_1_1' title="bbox 330 686 973 750">
    <p class='ocr_par' dir='ltr' id='par_1_1' title="bbox 330 686 973 750">
     <span class='ocr_line' id='line_1_1' title="bbox 330 686 973 750; baseline -0.009 0"><span class='ocrx_word' id='word_1_1' title='bbox 330 686 373 750; x_wconf 75' lang='lat'><strong>26</strong></span> <span class='ocrx_word' id='word_1_2' title='bbox 811 689 941 746; x_wconf 75' lang='lat' dir='ltr'><strong>capvt</strong></span> <span class='ocrx_word' id='word_1_3' title='bbox 963 689 973 744; x_wconf 93' lang='lat' dir='ltr'><strong>l</strong></span> 
     </span>
    </p>
   </div>
   <div class='ocr_carea' id='block_1_2' title="bbox 329 851 1455 4725">
    <p class='ocr_par' dir='ltr' id='par_1_2' title="bbox 329 851 1455 4725">
     <span class='ocr_line' id='line_1_2' title="bbox 330 851 1449 940; baseline -0.004 -19"><span class='ocrx_word' id='word_1_4' title='bbox 330 853 405 921; x_wconf 88' lang='lat' dir='ltr'><strong>dole</strong></span> <span class='ocrx_word' id='word_1_5' title='bbox 432 877 545 918; x_wconf 87' lang='lat' dir='ltr'><strong>earum</strong></span> <span class='ocrx_word' id='word_1_6' title='bbox 573 853 647 918; x_wconf 86' lang='lat' dir='ltr'><strong>elici</strong></span> <span class='ocrx_word' id='word_1_7' title='bbox 674 853 795 940; x_wconf 79' lang='lat' dir='ltr'>possit,</span> <span class='ocrx_word' id='word_1_8' title='bbox 829 862 1024 939; x_wconf 75' lang='lat' dir='ltr'><strong>temptemus</strong></span> <span class='ocrx_word' id='word_1_9' title='bbox 1052 873 1198 917; x_wconf 84' lang='lat' dir='ltr'><strong>noscere.</strong></span> <span class='ocrx_word' id='word_1_10' title='bbox 1252 851 1449 916; x_wconf 77' lang='lat' dir='ltr'><strong>Verecrmde</strong></span> 
     </span>
     <span class='ocr_line' id='line_1_3' title="bbox 330 954 1450 1041; baseline -0.005 -18"><span class='ocrx_word' id='word_1_11' title='bbox 330 957 415 1023; x_wconf 91' lang='lat' dir='ltr'><strong>enim</strong></span> <span class='ocrx_word' id='word_1_12' title='bbox 437 957 586 1041; x_wconf 84' lang='lat' dir='ltr'><strong>profecto</strong></span> <span class='ocrx_word' id='word_1_13' title='bbox 607 967 659 1020; x_wconf 88' lang='lat' dir='ltr'><strong>est</strong></span> <span class='ocrx_word' id='word_1_14' title='bbox 680 955 844 1040; x_wconf 83' lang='lat' dir='ltr'><strong>agendum</strong></span> <span class='ocrx_word' id='word_1_15' title='bbox 865 976 926 1019; x_wconf 88' lang='lat' dir='ltr'><strong>nec</strong></span> <span class='ocrx_word' id='word_1_16' title='bbox 946 954 976 1026; x_wconf 84' lang='lat' dir='ltr'><strong>si</strong></span> <span class='ocrx_word' id='word_1_17' title='bbox 997 976 1081 1040; x_wconf 87' lang='lat' dir='ltr'><strong>quae</strong></span> <span class='ocrx_word' id='word_1_18' title='bbox 1103 964 1180 1018; x_wconf 89' lang='lat' dir='ltr'><strong>sunt</strong></span> <span class='ocrx_word' id='word_1_19' title='bbox 1193 977 1279 1041; x_wconf 87' lang='lat' dir='ltr'><strong>quae</strong></span> <span class='ocrx_word' id='word_1_20' title='bbox 1294 955 1372 1019; x_wconf 90' lang='lat' dir='ltr'><strong>sciri</strong></span> <span class='ocrx_word' id='word_1_21' title='bbox 1385 976 1450 1019; x_wconf 91' lang='lat' dir='ltr'><strong>non</strong></span> 
     </span>
     <span class='ocr_line' id='line_1_4' title="bbox 329 1055 1451 1147; baseline -0.004 -23"><span class='ocrx_word' id='word_1_22' title='bbox 329 1069 479 1147; x_wconf 80' lang='lat' dir='ltr'><strong>possunt,</strong></span> <span class='ocrx_word' id='word_1_23' title='bbox 502 1059 545 1124; x_wconf 84' lang='lat' dir='ltr'><strong>ab</strong></span> <span class='ocrx_word' id='word_1_24' title='bbox 566 1058 709 1143; x_wconf 86' lang='lat' dir='ltr'><strong>ingenua</strong></span> <span class='ocrx_word' id='word_1_25' title='bbox 730 1056 935 1122; x_wconf 86' lang='lat' dir='ltr'><strong>confessione</strong></span> <span class='ocrx_word' id='word_1_26' title='bbox 957 1055 1212 1121; x_wconf 87' lang='lat' dir='ltr'><strong>abhorrendum.</strong></span> <span class='ocrx_word' id='word_1_27' title='bbox 1255 1057 1328 1121; x_wconf 86' lang='lat' dir='ltr'><strong>lam</strong></span> <span class='ocrx_word' id='word_1_28' title='bbox 1348 1056 1451 1142; x_wconf 88' lang='lat' dir='ltr'><strong>igitur</strong></span> 
     </span>
     <span class='ocr_line' id='line_1_5' title="bbox 329 1157 1449 1245; baseline -0.004 -19"><span class='ocrx_word' id='word_1_29' title='bbox 329 1161 486 1242; x_wconf 87' lang='lat' dir='ltr'><strong>uidimus,</strong></span> <span class='ocrx_word' id='word_1_30' title='bbox 508 1183 561 1225; x_wconf 90' lang='lat' dir='ltr'><strong>res</strong></span> <span class='ocrx_word' id='word_1_31' title='bbox 577 1160 679 1225; x_wconf 88' lang='lat' dir='ltr'><strong>serias</strong></span> <span class='ocrx_word' id='word_1_32' title='bbox 701 1160 735 1223; x_wconf 97' lang='lat' dir='ltr'><strong>in</strong></span> <span class='ocrx_word' id='word_1_33' title='bbox 758 1159 880 1224; x_wconf 84' lang='lat' dir='ltr'><strong>saturis</strong></span> <span class='ocrx_word' id='word_1_34' title='bbox 903 1167 1073 1239; x_wconf 85' lang='lat' dir='ltr'><strong>tractatas,</strong></span> <span class='ocrx_word' id='word_1_35' title='bbox 1096 1158 1155 1222; x_wconf 86' lang='lat' dir='ltr'><strong>sed</strong></span> <span class='ocrx_word' id='word_1_36' title='bbox 1177 1157 1286 1245; x_wconf 89' lang='lat' dir='ltr'><strong>lepido</strong></span> <span class='ocrx_word' id='word_1_37' title='bbox 1308 1157 1449 1245; x_wconf 85' lang='lat' dir='ltr'><strong>quodam</strong></span> 
     </span>
     <span class='ocr_line' id='line_1_6' title="bbox 329 1259 1449 1347; baseline -0.004 -19"><span class='ocrx_word' id='word_1_38' title='bbox 329 1263 455 1328; x_wconf 90' lang='lat' dir='ltr'><strong>uestitu</strong></span> <span class='ocrx_word' id='word_1_39' title='bbox 469 1263 618 1344; x_wconf 82' lang='lat' dir='ltr'><strong>amictas,</strong></span> <span class='ocrx_word' id='word_1_40' title='bbox 640 1283 704 1347; x_wconf 90' lang='lat' dir='ltr'><strong>quo</strong></span> <span class='ocrx_word' id='word_1_41' title='bbox 727 1261 771 1326; x_wconf 86' lang='lat' dir='ltr'><strong>ad</strong></span> <span class='ocrx_word' id='word_1_42' title='bbox 791 1259 969 1346; x_wconf 87' lang='lat' dir='ltr'><strong>legendum</strong></span> <span class='ocrx_word' id='word_1_43' title='bbox 989 1261 1095 1324; x_wconf 90' lang='lat' dir='ltr'><strong>minus</strong></span> <span class='ocrx_word' id='word_1_44' title='bbox 1111 1259 1200 1325; x_wconf 89' lang='lat' dir='ltr'><strong>docti</strong></span> <span class='ocrx_word' id='word_1_45' title='bbox 1214 1260 1449 1342; x_wconf 79' lang='lat' dir='ltr'><strong>incitarentur3</strong></span> 
     </span>
     <span class='ocr_line' id='line_1_7' title="bbox 331 1361 1449 1451; baseline -0.003 -22"><span class='ocrx_word' id='word_1_46' title='bbox 331 1364 390 1429; x_wconf 88' lang='lat' dir='ltr'><strong>sed</strong></span> <span class='ocrx_word' id='word_1_47' title='bbox 412 1385 528 1451; x_wconf 88' lang='lat' dir='ltr'><strong>perse</strong></span> <span class='ocrx_word' id='word_1_48' title='bbox 550 1374 700 1450; x_wconf 88' lang='lat' dir='ltr'><strong>spectata</strong></span> <span class='ocrx_word' id='word_1_49' title='bbox 722 1385 761 1428; x_wconf 88' lang='lat' dir='ltr'><strong>ea</strong></span> <span class='ocrx_word' id='word_1_50' title='bbox 781 1385 834 1428; x_wconf 87' lang='lat' dir='ltr'><strong>res</strong></span> <span class='ocrx_word' id='word_1_51' title='bbox 856 1364 900 1428; x_wconf 87' lang='lat' dir='ltr'><strong>ab</strong></span> <span class='ocrx_word' id='word_1_52' title='bbox 915 1362 1056 1428; x_wconf 86' lang='lat' dir='ltr'><strong>Horatio</strong></span> <span class='ocrx_word' id='word_1_53' title='bbox 1078 1384 1145 1427; x_wconf 90' lang='lat' dir='ltr'><strong>non</strong></span> <span class='ocrx_word' id='word_1_54' title='bbox 1165 1361 1305 1428; x_wconf 89' lang='lat' dir='ltr'><strong>multum</strong></span> <span class='ocrx_word' id='word_1_55' title='bbox 1327 1362 1449 1427; x_wconf 84' lang='lat' dir='ltr'><strong>differt.</strong></span> 
     </span>
     <span class='ocr_line' id='line_1_8' title="bbox 330 1463 1450 1553; baseline -0.003 -22"><span class='ocrx_word' id='word_1_56' title='bbox 330 1463 540 1553; x_wconf 82' lang='lat' dir='ltr'><strong>Peroptabile</strong></span> <span class='ocrx_word' id='word_1_57' title='bbox 562 1477 672 1531; x_wconf 90' lang='lat' dir='ltr'><strong>autem</strong></span> <span class='ocrx_word' id='word_1_58' title='bbox 693 1466 843 1550; x_wconf 87' lang='lat' dir='ltr'><strong>contigit,</strong></span> <span class='ocrx_word' id='word_1_59' title='bbox 872 1463 961 1551; x_wconf 92' lang='lat' dir='ltr'><strong>quod</strong></span> <span class='ocrx_word' id='word_1_60' title='bbox 982 1465 1162 1551; x_wconf 88' lang='lat' dir='ltr'><strong>posteriore</strong></span> <span class='ocrx_word' id='word_1_61' title='bbox 1184 1487 1266 1529; x_wconf 88' lang='lat' dir='ltr'><strong>aeuo</strong></span> <span class='ocrx_word' id='word_1_62' title='bbox 1288 1486 1450 1550; x_wconf 84' lang='lat' dir='ltr'><strong>gramma-</strong></span> 
     </span>
     <span class='ocr_line' id='line_1_9' title="bbox 329 1565 1452 1655; baseline -0.004 -21"><span class='ocrx_word' id='word_1_63' title='bbox 329 1569 415 1634; x_wconf 90' lang='lat' dir='ltr'><strong>ticus</strong></span> <span class='ocrx_word' id='word_1_64' title='bbox 437 1567 570 1655; x_wconf 83' lang='lat' dir='ltr'><strong>quidam</strong></span> <span class='ocrx_word' id='word_1_65' title='bbox 593 1565 649 1650; x_wconf 89' lang='lat' dir='ltr'><strong>(de</strong></span> <span class='ocrx_word' id='word_1_66' title='bbox 669 1567 820 1632; x_wconf 87' lang='lat' dir='ltr'><strong>Varrone</strong></span> <span class='ocrx_word' id='word_1_67' title='bbox 840 1567 912 1653; x_wconf 89' lang='lat' dir='ltr'><strong>ipso</strong></span> <span class='ocrx_word' id='word_1_68' title='bbox 934 1590 1000 1632; x_wconf 94' lang='lat' dir='ltr'><strong>non</strong></span> <span class='ocrx_word' id='word_1_69' title='bbox 1021 1567 1235 1652; x_wconf 84' lang='lat' dir='ltr'><strong>cogitandum</strong></span> <span class='ocrx_word' id='word_1_70' title='bbox 1255 1589 1341 1649; x_wconf 88' lang='lat' dir='ltr'><strong>esse,</strong></span> <span class='ocrx_word' id='word_1_71' title='bbox 1363 1567 1452 1630; x_wconf 83' lang='lat' dir='ltr'><strong>infra</strong></span> 
     </span>
     <span class='ocr_line' id='line_1_10' title="bbox 332 1667 1452 1756; baseline -0.006 -19"><span class='ocrx_word' id='word_1_72' title='bbox 332 1670 518 1756; x_wconf 86' lang='lat' dir='ltr'><strong>ostendam)</strong></span> <span class='ocrx_word' id='word_1_73' title='bbox 556 1667 722 1733; x_wconf 88' lang='lat' dir='ltr'><strong>nonnullis</strong></span> <span class='ocrx_word' id='word_1_74' title='bbox 740 1677 940 1747; x_wconf 62' lang='lat' dir='ltr'><strong>‘saturarum</strong></span> <span class='ocrx_word' id='word_1_75' title='bbox 973 1668 1243 1755; x_wconf 85' lang='lat' dir='ltr'><strong>inscriptionibus</strong></span> <span class='ocrx_word' id='word_1_76' title='bbox 1276 1690 1350 1733; x_wconf 87' lang='lat' dir='ltr'><strong>eam</strong></span> <span class='ocrx_word' id='word_1_77' title='bbox 1382 1690 1452 1731; x_wconf 92' lang='lat' dir='ltr'><strong>rem</strong></span> 
     </span>
     <span class='ocr_line' id='line_1_11' title="bbox 330 1769 1452 1858; baseline -0.004 -21"><span class='ocrx_word' id='word_1_78' title='bbox 330 1793 450 1857; x_wconf 86' lang='lat' dir='ltr'><strong>graeco</strong></span> <span class='ocrx_word' id='word_1_79' title='bbox 479 1791 627 1835; x_wconf 88' lang='lat' dir='ltr'><strong>sermone</strong></span> <span class='ocrx_word' id='word_1_80' title='bbox 655 1769 849 1857; x_wconf 81' lang='lat' dir='ltr'><strong>adscripsit,</strong></span> <span class='ocrx_word' id='word_1_81' title='bbox 883 1770 925 1834; x_wconf 90' lang='lat' dir='ltr'><strong>de</strong></span> <span class='ocrx_word' id='word_1_82' title='bbox 951 1794 1017 1857; x_wconf 85' lang='lat' dir='ltr'><strong>qua</strong></span> <span class='ocrx_word' id='word_1_83' title='bbox 1043 1772 1218 1858; x_wconf 88' lang='lat' dir='ltr'><strong>praecipue</strong></span> <span class='ocrx_word' id='word_1_84' title='bbox 1239 1771 1288 1836; x_wconf 92' lang='lat' dir='ltr'><strong>ibi</strong></span> <span class='ocrx_word' id='word_1_85' title='bbox 1311 1770 1452 1856; x_wconf 84' lang='lat' dir='ltr'><strong>scriptor</strong></span> 
     </span>
     <span class='ocr_line' id='line_1_12' title="bbox 330 1871 1451 1959; baseline -0.002 -21"><span class='ocrx_word' id='word_1_86' title='bbox 330 1874 461 1959; x_wconf 87' lang='lat' dir='ltr'><strong>agebat.</strong></span> <span class='ocrx_word' id='word_1_87' title='bbox 506 1871 604 1954; x_wconf 78' lang='lat' dir='ltr'><strong>Quod</strong></span> <span class='ocrx_word' id='word_1_88' title='bbox 631 1895 705 1937; x_wconf 87' lang='lat' dir='ltr'><strong>cum</strong></span> <span class='ocrx_word' id='word_1_89' title='bbox 730 1873 766 1936; x_wconf 91' lang='lat' dir='ltr'><strong>in</strong></span> <span class='ocrx_word' id='word_1_90' title='bbox 793 1873 899 1937; x_wconf 79' lang='lat' dir='ltr'><strong>tribus</strong></span> <span class='ocrx_word' id='word_1_91' title='bbox 927 1883 960 1937; x_wconf 90' lang='lat' dir='ltr'><strong>et</strong></span> <span class='ocrx_word' id='word_1_92' title='bbox 986 1873 1124 1958; x_wconf 86' lang='lat' dir='ltr'><strong>triginta</strong></span> <span class='ocrx_word' id='word_1_93' title='bbox 1151 1881 1307 1958; x_wconf 88' lang='lat' dir='ltr'><strong>quantum</strong></span> <span class='ocrx_word' id='word_1_94' title='bbox 1330 1872 1451 1936; x_wconf 88' lang='lat' dir='ltr'><strong>scimus</strong></span> 
     </span>
     <span class='ocr_line' id='line_1_13' title="bbox 331 1973 1451 2061; baseline -0.003 -20"><span class='ocrx_word' id='word_1_95' title='bbox 331 1975 452 2041; x_wconf 87' lang='lat' dir='ltr'><strong>saturis</strong></span> <span class='ocrx_word' id='word_1_96' title='bbox 474 1975 599 2040; x_wconf 86' lang='lat' dir='ltr'><strong>factum</strong></span> <span class='ocrx_word' id='word_1_97' title='bbox 621 1977 665 2040; x_wconf 85' lang='lat' dir='ltr'><strong>sit</strong></span> <span class='ocrx_word' id='word_1_98' title='bbox 686 1985 719 2040; x_wconf 92' lang='lat' dir='ltr'><strong>et</strong></span> <span class='ocrx_word' id='word_1_99' title='bbox 741 1984 894 2061; x_wconf 87' lang='lat' dir='ltr'><strong>quattuor</strong></span> <span class='ocrx_word' id='word_1_100' title='bbox 907 1985 1077 2061; x_wconf 88' lang='lat' dir='ltr'><strong>praeterea</strong></span> <span class='ocrx_word' id='word_1_101' title='bbox 1090 1975 1162 2061; x_wconf 90' lang='lat' dir='ltr'><strong>ipse</strong></span> <span class='ocrx_word' id='word_1_102' title='bbox 1176 1975 1284 2040; x_wconf 86' lang='lat' dir='ltr'><strong>Varro</strong></span> <span class='ocrx_word' id='word_1_103' title='bbox 1299 1996 1339 2038; x_wconf 94' lang='lat' dir='ltr'><strong>eo</strong></span> <span class='ocrx_word' id='word_1_104' title='bbox 1354 1973 1451 2039; x_wconf 93' lang='lat' dir='ltr'><strong>modo</strong></span> 
     </span>
     <span class='ocr_line' id='line_1_14' title="bbox 331 2076 1451 2165; baseline -0.004 -22"><span class='ocrx_word' id='word_1_105' title='bbox 331 2079 547 2165; x_wconf 82' lang='lat' dir='ltr'><strong>inscripserit,</strong></span> <span class='ocrx_word' id='word_1_106' title='bbox 570 2098 631 2163; x_wconf 88' lang='lat' dir='ltr'><strong>pro</strong></span> <span class='ocrx_word' id='word_1_107' title='bbox 647 2086 736 2142; x_wconf 89' lang='lat' dir='ltr'><strong>certo</strong></span> <span class='ocrx_word' id='word_1_108' title='bbox 758 2078 824 2141; x_wconf 89' lang='lat' dir='ltr'><strong>iam</strong></span> <span class='ocrx_word' id='word_1_109' title='bbox 846 2098 1019 2164; x_wconf 89' lang='lat' dir='ltr'><strong>possumus</strong></span> <span class='ocrx_word' id='word_1_110' title='bbox 1042 2077 1219 2158; x_wconf 83' lang='lat' dir='ltr'><strong>affirmare,</strong></span> <span class='ocrx_word' id='word_1_111' title='bbox 1241 2076 1451 2163; x_wconf 82' lang='lat' dir='ltr'><strong>quaestiones</strong></span> 
     </span>
     <span class='ocr_line' id='line_1_15' title="bbox 332 2173 1453 2267; baseline -0.005 -21"><span class='ocrx_word' id='word_1_112' title='bbox 332 2181 515 2266; x_wconf 86' lang='lat' dir='ltr'><strong>degenere</strong></span> <span class='ocrx_word' id='word_1_113' title='bbox 546 2178 664 2243; x_wconf 87' lang='lat' dir='ltr'><strong>morali</strong></span> <span class='ocrx_word' id='word_1_114' title='bbox 692 2178 883 2244; x_wconf 87' lang='lat' dir='ltr'><strong>tractandas</strong></span> <span class='ocrx_word' id='word_1_115' title='bbox 912 2202 987 2243; x_wconf 89' lang='lat' dir='ltr'><strong>eum</strong></span> <span class='ocrx_word' id='word_1_116' title='bbox 1017 2180 1197 2267; x_wconf 87' lang='lat' dir='ltr'><strong>sumpsisse</strong></span> <span class='ocrx_word' id='word_1_117' title='bbox 1224 2178 1339 2243; x_wconf 91' lang='lat' dir='ltr'><strong>hasce:</strong></span> <span class='ocrx_word' id='word_1_118' title='bbox 1374 2173 1453 2259; x_wconf 80' lang='grc' dir='ltr'><strong><em>περὶ</em></strong></span> 
     </span>
     <span class='ocr_line' id='line_1_16' title="bbox 333 2272 1452 2364; baseline -0.002 -18"><span class='ocrx_word' id='word_1_119' title='bbox 333 2277 452 2364; x_wconf 78' lang='grc' dir='ltr'><strong><em>ἀρετῆς</em></strong></span> <span class='ocrx_word' id='word_1_120' title='bbox 474 2275 636 2364; x_wconf 81' lang='grc' dir='ltr'><strong><em>κτήσεως,</em></strong></span> <span class='ocrx_word' id='word_1_121' title='bbox 670 2278 748 2361; x_wconf 81' lang='grc' dir='ltr'><strong><em>περὶ</em></strong></span> <span class='ocrx_word' id='word_1_122' title='bbox 769 2280 932 2364; x_wconf 78' lang='grc' dir='ltr'><strong><em>ἐμμανῆς,</em></strong></span> <span class='ocrx_word' id='word_1_123' title='bbox 965 2279 1042 2363; x_wconf 78' lang='grc' dir='ltr'><strong><em>περὶ</em></strong></span> <span class='ocrx_word' id='word_1_124' title='bbox 1064 2272 1206 2364; x_wconf 78' lang='grc' dir='ltr'><em>ἡδονῆς,</em></span> <span class='ocrx_word' id='word_1_125' title='bbox 1235 2276 1313 2362; x_wconf 79' lang='grc' dir='ltr'><strong><em>περὶ</em></strong></span> <span class='ocrx_word' id='word_1_126' title='bbox 1342 2274 1452 2362; x_wconf 76' lang='grc' dir='ltr'><strong><em>δόξης,</em></strong></span> 
     </span>
     <span class='ocr_line' id='line_1_17' title="bbox 332 2377 1453 2469; baseline -0.003 -21"><span class='ocrx_word' id='word_1_127' title='bbox 332 2381 410 2469; x_wconf 80' lang='grc' dir='ltr'><strong><em>περὶ</em></strong></span> <span class='ocrx_word' id='word_1_128' title='bbox 431 2385 635 2467; x_wconf 77' lang='grc' dir='ltr'><strong><em>φιλονικίας,</em></strong></span> <span class='ocrx_word' id='word_1_129' title='bbox 658 2381 735 2463; x_wconf 82' lang='grc' dir='ltr'><strong><em>περὶ</em></strong></span> <span class='ocrx_word' id='word_1_130' title='bbox 757 2384 993 2467; x_wconf 80' lang='grc' dir='ltr'><strong><em>φιλαργυρίας,</em></strong></span> <span class='ocrx_word' id='word_1_131' title='bbox 1017 2381 1094 2465; x_wconf 79' lang='grc' dir='ltr'><strong><em>περὶ</em></strong></span> <span class='ocrx_word' id='word_1_132' title='bbox 1114 2377 1238 2465; x_wconf 79' lang='grc' dir='ltr'><strong><em>τύφου,</em></strong></span> <span class='ocrx_word' id='word_1_133' title='bbox 1261 2378 1339 2464; x_wconf 75' lang='grc' dir='ltr'><strong><em>περὶ</em></strong></span> <span class='ocrx_word' id='word_1_134' title='bbox 1360 2379 1453 2465; x_wconf 85' lang='grc' dir='ltr'><strong><em>φθό-</em></strong></span> 
     </span>
     <span class='ocr_line' id='line_1_18' title="bbox 332 2475 1454 2572; baseline -0.003 -22"><span class='ocrx_word' id='word_1_135' title='bbox 332 2510 408 2568; x_wconf 87' lang='grc' dir='ltr'><strong><em>νου,</em></strong></span> <span class='ocrx_word' id='word_1_136' title='bbox 431 2483 508 2569; x_wconf 81' lang='grc' dir='ltr'><strong><em>περὶ</em></strong></span> <span class='ocrx_word' id='word_1_137' title='bbox 529 2484 645 2569; x_wconf 77' lang='grc' dir='ltr'><strong><em>μέθης,</em></strong></span> <span class='ocrx_word' id='word_1_138' title='bbox 668 2483 745 2568; x_wconf 84' lang='grc' dir='ltr'><strong><em>περὶ</em></strong></span> <span class='ocrx_word' id='word_1_139' title='bbox 759 2479 874 2568; x_wconf 81' lang='grc' dir='ltr'><strong><em>τύχης,</em></strong></span> <span class='ocrx_word' id='word_1_140' title='bbox 898 2481 976 2568; x_wconf 79' lang='grc' dir='ltr'><strong><em>περὶ</em></strong></span> <span class='ocrx_word' id='word_1_141' title='bbox 996 2475 1106 2569; x_wconf 85' lang='grc' dir='ltr'><strong><em>ῶρῶν,</em></strong></span> <span class='ocrx_word' id='word_1_142' title='bbox 1129 2485 1248 2572; x_wconf 89' lang='lat' dir='ltr'><strong>quibus</strong></span> <span class='ocrx_word' id='word_1_143' title='bbox 1266 2483 1353 2549; x_wconf 88' lang='lat' dir='ltr'><strong>addo</strong></span> <span class='ocrx_word' id='word_1_144' title='bbox 1376 2480 1454 2567; x_wconf 79' lang='grc' dir='ltr'><strong><em>περὶ</em></strong></span> 
     </span>
     <span class='ocr_line' id='line_1_19' title="bbox 331 2580 1453 2671; baseline -0.002 -18"><span class='ocrx_word' id='word_1_145' title='bbox 331 2588 466 2653; x_wconf 78' lang='grc' dir='ltr'><strong><em>θυσιῶν</em></strong></span> <span class='ocrx_word' id='word_1_146' title='bbox 499 2597 533 2652; x_wconf 84' lang='lat' dir='ltr'><strong>et</strong></span> <span class='ocrx_word' id='word_1_147' title='bbox 565 2584 642 2666; x_wconf 84' lang='grc' dir='ltr'><strong><em>περὶ</em></strong></span> <span class='ocrx_word' id='word_1_148' title='bbox 674 2587 767 2651; x_wconf 82' lang='grc' dir='ltr'><strong><em>θεῶν</em></strong></span> <span class='ocrx_word' id='word_1_149' title='bbox 800 2580 1023 2669; x_wconf 75' lang='grc' dir='ltr'><strong><em>διαγνώσεως.</em></strong></span> <span class='ocrx_word' id='word_1_150' title='bbox 1086 2586 1141 2651; x_wconf 93' lang='lat' dir='ltr'><strong>Ad</strong></span> <span class='ocrx_word' id='word_1_151' title='bbox 1168 2608 1270 2671; x_wconf 87' lang='lat' dir='ltr'><strong>genus</strong></span> <span class='ocrx_word' id='word_1_152' title='bbox 1300 2586 1453 2651; x_wconf 88' lang='lat' dir='ltr'><strong>naturale</strong></span> 
     </span>
     <span class='ocr_line' id='line_1_20' title="bbox 332 2681 1454 2779; baseline -0.004 -23"><span class='ocrx_word' id='word_1_153' title='bbox 332 2712 457 2779; x_wconf 89' lang='lat' dir='ltr'><strong>paucae</strong></span> <span class='ocrx_word' id='word_1_154' title='bbox 478 2689 643 2775; x_wconf 84' lang='lat' dir='ltr'><strong>pertinent</strong></span> <span class='ocrx_word' id='word_1_155' title='bbox 665 2686 740 2772; x_wconf 79' lang='grc' dir='ltr'><strong><em>περὶ</em></strong></span> <span class='ocrx_word' id='word_1_156' title='bbox 756 2690 938 2772; x_wconf 83' lang='grc' dir='ltr'><strong><em>κεραυνοῦ,</em></strong></span> <span class='ocrx_word' id='word_1_157' title='bbox 961 2687 1038 2772; x_wconf 81' lang='grc' dir='ltr'><strong><em>περὶ</em></strong></span> <span class='ocrx_word' id='word_1_158' title='bbox 1052 2693 1190 2771; x_wconf 81' lang='grc' dir='ltr'><strong><em>φθορᾶς</em></strong></span> <span class='ocrx_word' id='word_1_159' title='bbox 1211 2681 1353 2772; x_wconf 89' lang='grc' dir='ltr'><strong><em>κόσμου,</em></strong></span> <span class='ocrx_word' id='word_1_160' title='bbox 1376 2684 1454 2771; x_wconf 78' lang='grc' dir='ltr'><strong><em>περὶ</em></strong></span> 
     </span>
     <span class='ocr_line' id='line_1_21' title="bbox 332 2786 1454 2880; baseline -0.001 -23"><span class='ocrx_word' id='word_1_161' title='bbox 332 2786 527 2876; x_wconf 77' lang='grc' dir='ltr'><strong><em>ἀνθρώπων</em></strong></span> <span class='ocrx_word' id='word_1_162' title='bbox 541 2788 687 2875; x_wconf 82' lang='grc' dir='ltr'><strong><em>φύσεως,</em></strong></span> <span class='ocrx_word' id='word_1_163' title='bbox 706 2792 824 2880; x_wconf 92' lang='lat' dir='ltr'><strong>quibus</strong></span> <span class='ocrx_word' id='word_1_164' title='bbox 841 2793 943 2858; x_wconf 90' lang='lat' dir='ltr'><strong>addes</strong></span> <span class='ocrx_word' id='word_1_165' title='bbox 958 2792 1057 2857; x_wconf 88' lang='lat' dir='ltr'><strong>hasce</strong></span> <span class='ocrx_word' id='word_1_166' title='bbox 1072 2791 1116 2857; x_wconf 87' lang='lat' dir='ltr'><strong>ad</strong></span> <span class='ocrx_word' id='word_1_167' title='bbox 1130 2789 1332 2878; x_wconf 87' lang='lat' dir='ltr'><strong>corporalem</strong></span> <span class='ocrx_word' id='word_1_168' title='bbox 1355 2802 1393 2857; x_wconf 93' lang='lat' dir='ltr'><strong>ut</strong></span> <span class='ocrx_word' id='word_1_169' title='bbox 1406 2791 1454 2856; x_wconf 84' lang='lat' dir='ltr'><strong>ita</strong></span> 
     </span>
     <span class='ocr_line' id='line_1_22' title="bbox 333 2884 1451 2983; baseline -0.003 -23"><span class='ocrx_word' id='word_1_170' title='bbox 333 2895 440 2961; x_wconf 87' lang='lat' dir='ltr'><strong>dicam</strong></span> <span class='ocrx_word' id='word_1_171' title='bbox 455 2895 559 2960; x_wconf 88' lang='lat' dir='ltr'><strong>uitam</strong></span> <span class='ocrx_word' id='word_1_172' title='bbox 575 2904 776 2983; x_wconf 83' lang='lat' dir='ltr'><strong>spectantes:</strong></span> <span class='ocrx_word' id='word_1_173' title='bbox 793 2891 870 2979; x_wconf 81' lang='grc' dir='ltr'><strong><em>περὶ</em></strong></span> <span class='ocrx_word' id='word_1_174' title='bbox 885 2895 1110 2975; x_wconf 77' lang='grc' dir='ltr'><strong><em>παιδοποιΐας,</em></strong></span> <span class='ocrx_word' id='word_1_175' title='bbox 1127 2890 1204 2976; x_wconf 80' lang='grc' dir='ltr'><strong><em>περὶ</em></strong></span> <span class='ocrx_word' id='word_1_176' title='bbox 1218 2884 1451 2976; x_wconf 87' lang='grc' dir='ltr'><strong><em>ιἰρρενότητος,</em></strong></span> 
     </span>
     <span class='ocr_line' id='line_1_23' title="bbox 332 2989 1454 3081; baseline -0.004 -18"><span class='ocrx_word' id='word_1_177' title='bbox 332 2995 409 3081; x_wconf 79' lang='grc' dir='ltr'><strong><em>περὶ</em></strong></span> <span class='ocrx_word' id='word_1_178' title='bbox 431 2989 656 3080; x_wconf 74' lang='grc' dir='ltr'><strong><em>ἀφροδισίων,</em></strong></span> <span class='ocrx_word' id='word_1_179' title='bbox 685 2995 762 3081; x_wconf 81' lang='grc' dir='ltr'><strong><em>περὶ</em></strong></span> <span class='ocrx_word' id='word_1_180' title='bbox 784 2995 911 3081; x_wconf 81' lang='grc' dir='ltr'><strong><em>γήρως,</em></strong></span> <span class='ocrx_word' id='word_1_181' title='bbox 941 2992 1014 3080; x_wconf 80' lang='grc' dir='ltr'><strong><em>περὶ</em></strong></span> <span class='ocrx_word' id='word_1_182' title='bbox 1037 2992 1205 3079; x_wconf 84' lang='grc' dir='ltr'><strong><em>εὐγηρίας.</em></strong></span> <span class='ocrx_word' id='word_1_183' title='bbox 1248 2996 1352 3061; x_wconf 88' lang='lat' dir='ltr'><strong>Porro</strong></span> <span class='ocrx_word' id='word_1_184' title='bbox 1376 3005 1454 3060; x_wconf 92' lang='lat' dir='ltr'><strong>sunt</strong></span> 
     </span>
     <span class='ocr_line' id='line_1_24' title="bbox 332 3091 1452 3189; baseline -0.005 -25"><span class='ocrx_word' id='word_1_185' title='bbox 332 3123 416 3189; x_wconf 91' lang='lat' dir='ltr'><strong>quae</strong></span> <span class='ocrx_word' id='word_1_186' title='bbox 445 3121 498 3163; x_wconf 89' lang='lat' dir='ltr'><strong>res</strong></span> <span class='ocrx_word' id='word_1_187' title='bbox 527 3100 675 3164; x_wconf 90' lang='lat' dir='ltr'><strong>emedia</strong></span> <span class='ocrx_word' id='word_1_188' title='bbox 702 3100 779 3164; x_wconf 85' lang='lat' dir='ltr'><strong>uita</strong></span> <span class='ocrx_word' id='word_1_189' title='bbox 811 3100 1000 3186; x_wconf 86' lang='lat' dir='ltr'><strong>desumptas</strong></span> <span class='ocrx_word' id='word_1_190' title='bbox 1033 3107 1194 3165; x_wconf 88' lang='lat' dir='ltr'><strong>tractant:</strong></span> <span class='ocrx_word' id='word_1_191' title='bbox 1233 3093 1311 3176; x_wconf 79' lang='grc' dir='ltr'><strong><em>περὶ</em></strong></span> <span class='ocrx_word' id='word_1_192' title='bbox 1339 3091 1452 3181; x_wconf 79' lang='grc' dir='ltr'><strong><em>ἀρχῆς,</em></strong></span> 
     </span>
     <span class='ocr_line' id='line_1_25' title="bbox 333 3193 1454 3285; baseline -0.003 -19"><span class='ocrx_word' id='word_1_193' title='bbox 333 3198 410 3285; x_wconf 76' lang='grc' dir='ltr'><strong><em>περὶ</em></strong></span> <span class='ocrx_word' id='word_1_194' title='bbox 432 3197 612 3282; x_wconf 75' lang='grc' dir='ltr'><strong><em>ἐπαρχιῶν,</em></strong></span> <span class='ocrx_word' id='word_1_195' title='bbox 641 3197 718 3283; x_wconf 80' lang='grc' dir='ltr'><strong><em>περὶ</em></strong></span> <span class='ocrx_word' id='word_1_196' title='bbox 740 3193 979 3283; x_wconf 77' lang='grc' dir='ltr'><strong><em>ἀρχαιρεσιῶν,</em></strong></span> <span class='ocrx_word' id='word_1_197' title='bbox 1012 3198 1088 3284; x_wconf 83' lang='grc' dir='ltr'><strong><em>περὶ</em></strong></span> <span class='ocrx_word' id='word_1_198' title='bbox 1110 3193 1346 3283; x_wconf 78' lang='grc' dir='ltr'><strong><em>νομισμάτων,</em></strong></span> <span class='ocrx_word' id='word_1_199' title='bbox 1375 3196 1454 3282; x_wconf 79' lang='grc' dir='ltr'><strong><em>περὶ</em></strong></span> 
     </span>
     <span class='ocr_line' id='line_1_26' title="bbox 333 3298 1453 3388; baseline -0.004 -20"><span class='ocrx_word' id='word_1_200' title='bbox 333 3302 572 3388; x_wconf 79' lang='grc' dir='ltr'><strong><em>γενεθλιακῆς,</em></strong></span> <span class='ocrx_word' id='word_1_201' title='bbox 596 3299 672 3387; x_wconf 83' lang='grc' dir='ltr'><strong><em>κερλ</em></strong></span> <span class='ocrx_word' id='word_1_202' title='bbox 695 3303 873 3386; x_wconf 74' lang='grc' dir='ltr'><strong><em>πειρατῶν,</em></strong></span> <span class='ocrx_word' id='word_1_203' title='bbox 897 3300 974 3387; x_wconf 77' lang='grc' dir='ltr'><strong><em>περὶ</em></strong></span> <span class='ocrx_word' id='word_1_204' title='bbox 996 3301 1181 3386; x_wconf 79' lang='grc' dir='ltr'><strong><em>ἐγκωμίων,</em></strong></span> <span class='ocrx_word' id='word_1_205' title='bbox 1205 3298 1282 3384; x_wconf 80' lang='grc' dir='ltr'><strong><em>περὶ</em></strong></span> <span class='ocrx_word' id='word_1_206' title='bbox 1303 3323 1453 3384; x_wconf 85' lang='grc' dir='ltr'><strong><em>γεγαμη-</em></strong></span> 
     </span>
     <span class='ocr_line' id='line_1_27' title="bbox 332 3397 1454 3490; baseline -0.005 -17"><span class='ocrx_word' id='word_1_207' title='bbox 332 3401 461 3488; x_wconf 89' lang='grc' dir='ltr'><strong><em>κότων,</em></strong></span> <span class='ocrx_word' id='word_1_208' title='bbox 485 3401 562 3489; x_wconf 81' lang='grc' dir='ltr'><strong><em>περὶ</em></strong></span> <span class='ocrx_word' id='word_1_209' title='bbox 585 3399 792 3489; x_wconf 76' lang='grc' dir='ltr'><strong><em>ἐδεσμάτων,</em></strong></span> <span class='ocrx_word' id='word_1_210' title='bbox 817 3403 893 3490; x_wconf 76' lang='grc' dir='ltr'><strong><em>περὶ</em></strong></span> <span class='ocrx_word' id='word_1_211' title='bbox 915 3397 1104 3489; x_wconf 77' lang='grc' dir='ltr'><strong><em>διαθηκῶν,</em></strong></span> <span class='ocrx_word' id='word_1_212' title='bbox 1128 3402 1205 3484; x_wconf 81' lang='grc' dir='ltr'><strong><em>περὶ</em></strong></span> <span class='ocrx_word' id='word_1_213' title='bbox 1226 3399 1351 3487; x_wconf 81' lang='grc' dir='ltr'><strong><em>τίφης,</em></strong></span> <span class='ocrx_word' id='word_1_214' title='bbox 1375 3400 1454 3486; x_wconf 82' lang='grc' dir='ltr'><strong><em>τιερλ</em></strong></span> 
     </span>
     <span class='ocr_line' id='line_1_28' title="bbox 333 3505 1454 3596; baseline -0.002 -24"><span class='ocrx_word' id='word_1_215' title='bbox 333 3508 466 3590; x_wconf 88' lang='grc' dir='ltr'><strong><em>τοίφων;</em></strong></span> <span class='ocrx_word' id='word_1_216' title='bbox 501 3508 696 3594; x_wconf 87' lang='lat' dir='ltr'><strong>quibuscum</strong></span> <span class='ocrx_word' id='word_1_217' title='bbox 723 3509 910 3575; x_wconf 89' lang='lat' dir='ltr'><strong>Bimarcum</strong></span> <span class='ocrx_word' id='word_1_218' title='bbox 939 3531 1115 3596; x_wconf 88' lang='lat' dir='ltr'><strong>compono,</strong></span> <span class='ocrx_word' id='word_1_219' title='bbox 1143 3509 1264 3594; x_wconf 91' lang='lat' dir='ltr'><strong>inquo</strong></span> <span class='ocrx_word' id='word_1_220' title='bbox 1287 3505 1393 3570; x_wconf 90' lang='lat' dir='ltr'><strong>Varro</strong></span> <span class='ocrx_word' id='word_1_221' title='bbox 1418 3529 1454 3570; x_wconf 89' lang='lat' dir='ltr'><strong>se</strong></span> 
     </span>
     <span class='ocr_line' id='line_1_29' title="bbox 332 3603 1453 3698; baseline 0.001 -26"><span class='ocrx_word' id='word_1_222' title='bbox 332 3611 403 3696; x_wconf 85' lang='lat' dir='ltr'><strong>ipsc</strong></span> <span class='ocrx_word' id='word_1_223' title='bbox 426 3606 502 3691; x_wconf 81' lang='grc' dir='ltr'><strong><em>περὶ</em></strong></span> <span class='ocrx_word' id='word_1_224' title='bbox 523 3603 659 3689; x_wconf 79' lang='grc' dir='ltr'><strong><em>τρόπων</em></strong></span> <span class='ocrx_word' id='word_1_225' title='bbox 681 3610 923 3697; x_wconf 88' lang='lat' dir='ltr'><strong>disputaturum</strong></span> <span class='ocrx_word' id='word_1_226' title='bbox 946 3611 1127 3698; x_wconf 87' lang='lat' dir='ltr'><strong>profitetur,</strong></span> <span class='ocrx_word' id='word_1_227' title='bbox 1151 3610 1195 3674; x_wconf 89' lang='lat' dir='ltr'><strong>cf.</strong></span> <span class='ocrx_word' id='word_1_228' title='bbox 1211 3609 1256 3694; x_wconf 85' lang='lat' dir='ltr'><strong>fg.</strong></span> <span class='ocrx_word' id='word_1_229' title='bbox 1272 3609 1336 3674; x_wconf 91' lang='grc' dir='ltr'><strong>ΠΙ.</strong></span> <span class='ocrx_word' id='word_1_230' title='bbox 1374 3609 1453 3673; x_wconf 88' lang='lat' dir='ltr'><strong>Per-</strong></span> 
     </span>
     <span class='ocr_line' id='line_1_30' title="bbox 334 3709 1454 3798; baseline 0 -24"><span class='ocrx_word' id='word_1_231' title='bbox 334 3732 458 3797; x_wconf 89' lang='lat' dir='ltr'><strong>paucae</strong></span> <span class='ocrx_word' id='word_1_232' title='bbox 485 3709 631 3775; x_wconf 89' lang='lat' dir='ltr'><strong>indicant</strong></span> <span class='ocrx_word' id='word_1_233' title='bbox 659 3711 902 3798; x_wconf 89' lang='lat' dir='ltr'><strong>philosophiam</strong></span> <span class='ocrx_word' id='word_1_234' title='bbox 928 3713 1076 3777; x_wconf 88' lang='lat' dir='ltr'><strong>intimam</strong></span> <span class='ocrx_word' id='word_1_235' title='bbox 1104 3711 1254 3777; x_wconf 89' lang='lat' dir='ltr'><strong>inlibris</strong></span> <span class='ocrx_word' id='word_1_236' title='bbox 1276 3719 1454 3776; x_wconf 86' lang='lat' dir='ltr'><strong>tractatam</strong></span> 
     </span>
     <span class='ocr_line' id='line_1_31' title="bbox 334 3808 1455 3898; baseline -0.003 -21"><span class='ocrx_word' id='word_1_237' title='bbox 334 3835 420 3877; x_wconf 88' lang='lat' dir='ltr'><strong>cssc:</strong></span> <span class='ocrx_word' id='word_1_238' title='bbox 438 3809 514 3895; x_wconf 75' lang='grc' dir='ltr'><strong><em>περὶ</em></strong></span> <span class='ocrx_word' id='word_1_239' title='bbox 525 3814 740 3895; x_wconf 78' lang='grc' dir='ltr'><strong><em>φιλοσοφίας,</em></strong></span> <span class='ocrx_word' id='word_1_240' title='bbox 754 3811 830 3897; x_wconf 80' lang='grc' dir='ltr'><strong><em>περὶ</em></strong></span> <span class='ocrx_word' id='word_1_241' title='bbox 844 3812 1017 3898; x_wconf 70' lang='grc' dir='ltr'><strong><em>αἱρέσεων,</em></strong></span> <span class='ocrx_word' id='word_1_242' title='bbox 1030 3809 1106 3895; x_wconf 79' lang='grc' dir='ltr'><strong><em>περὶ</em></strong></span> <span class='ocrx_word' id='word_1_243' title='bbox 1118 3812 1290 3896; x_wconf 83' lang='grc' dir='ltr'><strong><em>χωρισμοῶ</em></strong></span> <span class='ocrx_word' id='word_1_244' title='bbox 1303 3811 1359 3898; x_wconf 70' lang='grc' dir='ltr'><strong><em>(λ),</em></strong></span> <span class='ocrx_word' id='word_1_245' title='bbox 1376 3808 1455 3893; x_wconf 80' lang='grc' dir='ltr'><strong><em>περὶ</em></strong></span> 
     </span>
     <span class='ocr_line' id='line_1_32' title="bbox 334 3913 1453 4004; baseline -0.001 -25"><span class='ocrx_word' id='word_1_246' title='bbox 334 3913 511 3997; x_wconf 79' lang='grc' dir='ltr'><strong><em>ἐξαγωγῆς.</em></strong></span> <span class='ocrx_word' id='word_1_247' title='bbox 557 3915 679 3982; x_wconf 87' lang='lat' dir='ltr'><strong>Omnes</strong></span> <span class='ocrx_word' id='word_1_248' title='bbox 703 3925 811 3981; x_wconf 87' lang='lat' dir='ltr'><strong>autem</strong></span> <span class='ocrx_word' id='word_1_249' title='bbox 833 3916 875 3980; x_wconf 87' lang='lat' dir='ltr'><strong>ad</strong></span> <span class='ocrx_word' id='word_1_250' title='bbox 898 3917 1140 4004; x_wconf 88' lang='lat' dir='ltr'><strong>philosophiam</strong></span> <span class='ocrx_word' id='word_1_251' title='bbox 1161 3915 1271 4002; x_wconf 89' lang='lat' dir='ltr'><strong>aliqua</strong></span> <span class='ocrx_word' id='word_1_252' title='bbox 1293 3937 1335 3979; x_wconf 86' lang='lat' dir='ltr'><strong>ex</strong></span> <span class='ocrx_word' id='word_1_253' title='bbox 1358 3925 1453 4002; x_wconf 89' lang='lat' dir='ltr'><strong>parte</strong></span> 
     </span>
     <span class='ocr_line' id='line_1_33' title="bbox 334 4016 1453 4106; baseline 0 -25"><span class='ocrx_word' id='word_1_254' title='bbox 334 4026 539 4105; x_wconf 84' lang='lat' dir='ltr'><strong>spectarunt,</strong></span> <span class='ocrx_word' id='word_1_255' title='bbox 568 4040 641 4082; x_wconf 91' lang='lat' dir='ltr'><strong>oum</strong></span> <span class='ocrx_word' id='word_1_256' title='bbox 665 4020 762 4083; x_wconf 89' lang='lat' dir='ltr'><strong>ctiam</strong></span> <span class='ocrx_word' id='word_1_257' title='bbox 785 4042 868 4106; x_wconf 90' lang='lat' dir='ltr'><strong>quae</strong></span> <span class='ocrx_word' id='word_1_258' title='bbox 891 4042 908 4084; x_wconf 88' lang='lat' dir='ltr'><strong>c</strong></span> <span class='ocrx_word' id='word_1_259' title='bbox 930 4021 1001 4085; x_wconf 90' lang='lat' dir='ltr'><strong>uita</strong></span> <span class='ocrx_word' id='word_1_260' title='bbox 1022 4019 1133 4084; x_wconf 89' lang='lat' dir='ltr'><strong>media</strong></span> <span class='ocrx_word' id='word_1_261' title='bbox 1155 4027 1286 4104; x_wconf 86' lang='lat' dir='ltr'><strong>sumpta</strong></span> <span class='ocrx_word' id='word_1_262' title='bbox 1308 4016 1380 4080; x_wconf 84' lang='lat' dir='ltr'><strong>dixi</strong></span> <span class='ocrx_word' id='word_1_263' title='bbox 1401 4038 1453 4081; x_wconf 90' lang='lat' dir='ltr'><strong>ra-</strong></span> 
     </span>
     <span class='ocr_line' id='line_1_34' title="bbox 334 4118 1454 4207; baseline 0.001 -23"><span class='ocrx_word' id='word_1_264' title='bbox 334 4119 423 4184; x_wconf 87' lang='lat' dir='ltr'><strong>tione</strong></span> <span class='ocrx_word' id='word_1_265' title='bbox 450 4118 567 4184; x_wconf 88' lang='lat' dir='ltr'><strong>morali</strong></span> <span class='ocrx_word' id='word_1_266' title='bbox 594 4130 736 4187; x_wconf 86' lang='lat' dir='ltr'><strong>tractata</strong></span> <span class='ocrx_word' id='word_1_267' title='bbox 762 4121 865 4187; x_wconf 86' lang='lat' dir='ltr'><strong>fuisse</strong></span> <span class='ocrx_word' id='word_1_268' title='bbox 899 4123 1086 4207; x_wconf 88' lang='lat' dir='ltr'><strong>fragmenta</strong></span> <span class='ocrx_word' id='word_1_269' title='bbox 1112 4118 1269 4186; x_wconf 89' lang='lat' dir='ltr'><strong>nonnulla</strong></span> <span class='ocrx_word' id='word_1_270' title='bbox 1300 4118 1454 4184; x_wconf 89' lang='lat' dir='ltr'><strong>doceant.</strong></span> 
     </span>
     <span class='ocr_line' id='line_1_35' title="bbox 335 4220 1455 4311; baseline 0.001 -27"><span class='ocrx_word' id='word_1_271' title='bbox 335 4220 518 4301; x_wconf 77' lang='lat' dir='ltr'><strong>Quamnam</strong></span> <span class='ocrx_word' id='word_1_272' title='bbox 540 4231 650 4286; x_wconf 90' lang='lat' dir='ltr'><strong>autem</strong></span> <span class='ocrx_word' id='word_1_273' title='bbox 673 4223 707 4286; x_wconf 89' lang='lat' dir='ltr'><strong>in</strong></span> <span class='ocrx_word' id='word_1_274' title='bbox 729 4225 775 4287; x_wconf 90' lang='lat' dir='ltr'><strong>eis</strong></span> <span class='ocrx_word' id='word_1_275' title='bbox 798 4223 1036 4311; x_wconf 88' lang='lat' dir='ltr'><strong>philosophiam</strong></span> <span class='ocrx_word' id='word_1_276' title='bbox 1053 4221 1202 4287; x_wconf 90' lang='lat' dir='ltr'><strong>docuerit</strong></span> <span class='ocrx_word' id='word_1_277' title='bbox 1217 4241 1396 4307; x_wconf 87' lang='lat' dir='ltr'><strong>quorumue</strong></span> <span class='ocrx_word' id='word_1_278' title='bbox 1418 4221 1455 4285; x_wconf 94' lang='lat' dir='ltr'><strong>in</strong></span> 
     </span>
     <span class='ocr_line' id='line_1_36' title="bbox 334 4322 1453 4410; baseline 0.001 -25"><span class='ocrx_word' id='word_1_279' title='bbox 334 4332 509 4410; x_wconf 86' lang='lat' dir='ltr'><strong>praccepta</strong></span> <span class='ocrx_word' id='word_1_280' title='bbox 531 4325 672 4388; x_wconf 88' lang='lat' dir='ltr'><strong>maximo</strong></span> <span class='ocrx_word' id='word_1_281' title='bbox 694 4324 902 4389; x_wconf 87' lang='lat' dir='ltr'><strong>inclinaucrit</strong></span> <span class='ocrx_word' id='word_1_282' title='bbox 924 4323 1105 4388; x_wconf 89' lang='lat' dir='ltr'><strong>diiudicare</strong></span> <span class='ocrx_word' id='word_1_283' title='bbox 1120 4323 1259 4387; x_wconf 87' lang='lat' dir='ltr'><strong>arduum</strong></span> <span class='ocrx_word' id='word_1_284' title='bbox 1275 4330 1335 4386; x_wconf 88' lang='lat' dir='ltr'><strong>cst.</strong></span> <span class='ocrx_word' id='word_1_285' title='bbox 1369 4322 1453 4386; x_wconf 87' lang='lat' dir='ltr'><strong>Var-</strong></span> 
     </span>
     <span class='ocr_line' id='line_1_37' title="bbox 334 4423 1454 4492; baseline 0.002 -6"><span class='ocrx_word' id='word_1_286' title='bbox 334 4445 448 4489; x_wconf 86' lang='lat' dir='ltr'><strong>ronem</strong></span> <span class='ocrx_word' id='word_1_287' title='bbox 471 4425 590 4489; x_wconf 88' lang='lat' dir='ltr'><strong>etenim</strong></span> <span class='ocrx_word' id='word_1_288' title='bbox 619 4449 693 4490; x_wconf 92' lang='lat' dir='ltr'><strong>cum</strong></span> <span class='ocrx_word' id='word_1_289' title='bbox 720 4429 800 4492; x_wconf 88' lang='lat' dir='ltr'><strong>satis</strong></span> <span class='ocrx_word' id='word_1_290' title='bbox 823 4434 951 4491; x_wconf 89' lang='lat' dir='ltr'><strong>constet</strong></span> <span class='ocrx_word' id='word_1_291' title='bbox 975 4423 1129 4489; x_wconf 84' lang='lat' dir='ltr'><strong>Antiochi</strong></span> <span class='ocrx_word' id='word_1_292' title='bbox 1153 4423 1363 4489; x_wconf 88' lang='lat' dir='ltr'><strong>Ascalonitae</strong></span> <span class='ocrx_word' id='word_1_293' title='bbox 1385 4447 1454 4488; x_wconf 87' lang='lat' dir='ltr'><strong>ma-</strong></span> 
     </span>
     <span class='ocr_line' id='line_1_38' title="bbox 334 4524 1453 4614; baseline 0.002 -26"><span class='ocrx_word' id='word_1_294' title='bbox 334 4524 430 4610; x_wconf 86' lang='lat' dir='ltr'><strong>gistri</strong></span> <span class='ocrx_word' id='word_1_295' title='bbox 458 4526 509 4589; x_wconf 88' lang='lat' dir='ltr'><strong>sui</strong></span> <span class='ocrx_word' id='word_1_296' title='bbox 536 4526 593 4612; x_wconf 87' lang='lat' dir='ltr'><strong>(cf.</strong></span> <span class='ocrx_word' id='word_1_297' title='bbox 616 4527 821 4614; x_wconf 84' lang='lat' dir='ltr'><strong>Augustinus</strong></span> <span class='ocrx_word' id='word_1_298' title='bbox 845 4527 885 4590; x_wconf 90' lang='lat' dir='ltr'><strong>de</strong></span> <span class='ocrx_word' id='word_1_299' title='bbox 908 4526 971 4590; x_wconf 91' lang='lat' dir='ltr'><strong>ciu.</strong></span> <span class='ocrx_word' id='word_1_300' title='bbox 995 4525 1047 4590; x_wconf 91' lang='lat' dir='ltr'><strong>dei</strong></span> <span class='ocrx_word' id='word_1_301' title='bbox 1068 4525 1156 4590; x_wconf 87' lang='lat' dir='ltr'><strong>XIX</strong></span> <span class='ocrx_word' id='word_1_302' title='bbox 1180 4527 1212 4613; x_wconf 86' lang='lat'><strong>3)</strong></span> <span class='ocrx_word' id='word_1_303' title='bbox 1240 4525 1382 4611; x_wconf 89' lang='lat' dir='ltr'><strong>uestigia</strong></span> <span class='ocrx_word' id='word_1_304' title='bbox 1404 4548 1453 4590; x_wconf 87' lang='lat' dir='ltr'><strong>se·</strong></span> 
     </span>
     <span class='ocr_line' id='line_1_39' title="bbox 335 4627 1452 4725; baseline -0.001 -34"><span class='ocrx_word' id='word_1_305' title='bbox 335 4635 446 4698; x_wconf 78' lang='lat' dir='ltr'><strong>cuttrm</strong></span> <span class='ocrx_word' id='word_1_306' title='bbox 460 4649 533 4691; x_wconf 87' lang='lat' dir='ltr'><strong>esse</strong></span> <span class='ocrx_word' id='word_1_307' title='bbox 549 4628 607 4718; x_wconf 82' lang='lat' dir='ltr'><strong>(cf.</strong></span> <span class='ocrx_word' id='word_1_308' title='bbox 622 4628 690 4693; x_wconf 79' lang='lat' dir='ltr'><strong>Cic.</strong></span> <span class='ocrx_word' id='word_1_309' title='bbox 706 4651 780 4719; x_wconf 90' lang='lat' dir='ltr'><strong>epp.</strong></span> <span class='ocrx_word' id='word_1_310' title='bbox 796 4628 839 4692; x_wconf 89' lang='lat' dir='ltr'><strong>ad</strong></span> <span class='ocrx_word' id='word_1_311' title='bbox 855 4627 926 4692; x_wconf 83' lang='lat' dir='ltr'><strong>Au.</strong></span> <span class='ocrx_word' id='word_1_312' title='bbox 943 4627 1106 4725; x_wconf 37' lang='lat' dir='ltr'><strong>x111012.</strong></span> <span class='ocrx_word' id='word_1_313' title='bbox 1124 4636 1175 4697; x_wconf 87' lang='grc'><strong>16.</strong></span> <span class='ocrx_word' id='word_1_314' title='bbox 1199 4637 1253 4712; x_wconf 79' lang='lat'><strong>193</strong></span> <span class='ocrx_word' id='word_1_315' title='bbox 1271 4636 1306 4691; x_wconf 87' lang='lat' dir='ltr'><strong>at</strong></span> <span class='ocrx_word' id='word_1_316' title='bbox 1320 4652 1353 4692; x_wconf 89' lang='lat' dir='ltr'><strong>v.</strong></span> <span class='ocrx_word' id='word_1_317' title='bbox 1365 4649 1398 4715; x_wconf 91' lang='lat' dir='ltr'><strong>p.</strong></span> <span class='ocrx_word' id='word_1_318' title='bbox 1410 4635 1452 4696; x_wconf 81' lang='lat'><strong>20</strong></span> 
     </span>
    </p>
   </div>
   <div class='ocr_carea' id='block_1_3' title="bbox 0 0 1792 5709">
    <p class='ocr_par' dir='ltr' id='par_1_3' title="bbox 0 0 1792 5709">
     <span class='ocr_line' id='line_1_40' title="bbox 0 0 1792 5709; baseline 0 0"><span class='ocrx_word' id='word_1_319' title='bbox 0 0 1792 5709; x_wconf 95' lang='lat' dir='ltr'><strong> </strong></span> 
     </span>
    </p>
   </div>
  </div>
 </body>
</html>
