<?xml version="1.0" encoding="UTF-8"?>
<!DOCTYPE html PUBLIC "-//W3C//DTD XHTML 1.0 Transitional//EN"
    "http://www.w3.org/TR/xhtml1/DTD/xhtml1-transitional.dtd">
<html xmlns="http://www.w3.org/1999/xhtml" xml:lang="en" lang="en">
 <head>
  <title>
</title>
<meta http-equiv="Content-Type" content="text/html;charset=utf-8" />
  <meta name='ocr-system' content='tesseract 3.04.00' />
  <meta name='ocr-capabilities' content='ocr_page ocr_carea ocr_par ocr_line ocrx_word'/>
</head>
<body>
  <div class='ocr_page' id='page_1' title='image "./saturarummenipp00riesgoog_0031.png"; bbox 0 0 3559 5709; ppageno 0'>
   <div class='ocr_carea' id='block_1_1' title="bbox 811 669 1454 771">
    <p class='ocr_par' dir='ltr' id='par_1_1' title="bbox 811 669 1454 771">
     <span class='ocr_line' id='line_1_1' title="bbox 811 669 1454 771; baseline 0.011 -7"><span class='ocrx_word' id='word_1_1' title='bbox 811 669 940 766; x_wconf 75' lang='lat' dir='ltr'><strong>crevi</strong></span> <span class='ocrx_word' id='word_1_2' title='bbox 969 688 980 766; x_wconf 85' lang='lat' dir='ltr'><strong>i</strong></span> <span class='ocrx_word' id='word_1_3' title='bbox 1058 671 1060 675; x_wconf 54' lang='grc'>’</span> <span class='ocrx_word' id='word_1_4' title='bbox 1193 681 1199 700; x_wconf 94' lang='grc'><strong>’</strong></span> <span class='ocrx_word' id='word_1_5' title='bbox 1435 707 1454 771; x_wconf 77' lang='lat'>7</span> 
     </span>
    </p>
   </div>
   <div class='ocr_carea' id='block_1_2' title="bbox 320 872 1514 4118">
    <p class='ocr_par' dir='ltr' id='par_1_2' title="bbox 320 872 1514 2997">
     <span class='ocr_line' id='line_1_2' title="bbox 334 872 1514 958; baseline 0.004 -21"><span class='ocrx_word' id='word_1_6' title='bbox 334 873 528 958; x_wconf 78' lang='lat' dir='ltr'><strong>scriptorem</strong></span> <span class='ocrx_word' id='word_1_7' title='bbox 551 872 670 937; x_wconf 87' lang='lat' dir='ltr'><strong>mentis</strong></span> <span class='ocrx_word' id='word_1_8' title='bbox 694 883 889 958; x_wconf 89' lang='lat' dir='ltr'><strong>compotem,</strong></span> <span class='ocrx_word' id='word_1_9' title='bbox 913 872 994 937; x_wconf 88' lang='lat' dir='ltr'><strong>illud</strong></span> <span class='ocrx_word' id='word_1_10' title='bbox 1016 896 1134 957; x_wconf 86' lang='lat' dir='ltr'><strong>genus,</strong></span> <span class='ocrx_word' id='word_1_11' title='bbox 1159 876 1210 938; x_wconf 92' lang='lat' dir='ltr'><strong>cui</strong></span> <span class='ocrx_word' id='word_1_12' title='bbox 1231 875 1293 939; x_wconf 91' lang='lat' dir='ltr'><strong>hoc</strong></span> <span class='ocrx_word' id='word_1_13' title='bbox 1314 876 1453 941; x_wconf 86' lang='lat' dir='ltr'><strong>alterum</strong></span> <span class='ocrx_word' id='word_1_14' title='bbox 1511 935 1514 940; x_wconf 95' lang='lat'><em>.</em></span> 
     </span>
     <span class='ocr_line' id='line_1_3' title="bbox 334 972 1453 1061; baseline 0.003 -21"><span class='ocrx_word' id='word_1_15' title='bbox 334 974 490 1061; x_wconf 89' lang='lat' dir='ltr'><strong>opponit,</strong></span> <span class='ocrx_word' id='word_1_16' title='bbox 515 973 604 1039; x_wconf 87' lang='lat' dir='ltr'><strong>sola</strong></span> <span class='ocrx_word' id='word_1_17' title='bbox 626 972 805 1039; x_wconf 81' lang='lat' dir='ltr'><strong>carminum</strong></span> <span class='ocrx_word' id='word_1_18' title='bbox 832 975 992 1041; x_wconf 86' lang='lat' dir='ltr'><strong>uarietate</strong></span> <span class='ocrx_word' id='word_1_19' title='bbox 1015 998 1086 1039; x_wconf 89' lang='lat' dir='ltr'><strong>esse</strong></span> <span class='ocrx_word' id='word_1_20' title='bbox 1109 976 1258 1041; x_wconf 84' lang='lat' dir='ltr'><strong>mixtum.</strong></span> <span class='ocrx_word' id='word_1_21' title='bbox 1302 979 1354 1042; x_wconf 81' lang='lat' dir='ltr'><strong>Ea</strong></span> <span class='ocrx_word' id='word_1_22' title='bbox 1374 1000 1453 1045; x_wconf 91' lang='lat' dir='ltr'><strong>uero</strong></span> 
     </span>
     <span class='ocr_line' id='line_1_4' title="bbox 333 1076 1457 1162; baseline 0.005 -22"><span class='ocrx_word' id='word_1_23' title='bbox 333 1100 400 1142; x_wconf 91' lang='lat' dir='ltr'><strong>non</strong></span> <span class='ocrx_word' id='word_1_24' title='bbox 422 1084 530 1162; x_wconf 85' lang='lat' dir='ltr'><strong>potest</strong></span> <span class='ocrx_word' id='word_1_25' title='bbox 552 1085 730 1140; x_wconf 80' lang='lat' dir='ltr'><strong>metrorum</strong></span> <span class='ocrx_word' id='word_1_26' title='bbox 758 1076 943 1161; x_wconf 84' lang='lat' dir='ltr'><strong>significare</strong></span> <span class='ocrx_word' id='word_1_27' title='bbox 972 1079 1182 1159; x_wconf 89' lang='lat' dir='ltr'><strong>uarietatem,</strong></span> <span class='ocrx_word' id='word_1_28' title='bbox 1211 1101 1286 1143; x_wconf 89' lang='lat' dir='ltr'><strong>oum</strong></span> <span class='ocrx_word' id='word_1_29' title='bbox 1307 1080 1457 1149; x_wconf 72' lang='lat' dir='ltr'><strong>Lucilius.</strong></span> 
     </span>
     <span class='ocr_line' id='line_1_5' title="bbox 333 1178 1455 1267; baseline 0.005 -26"><span class='ocrx_word' id='word_1_30' title='bbox 333 1178 536 1265; x_wconf 88' lang='lat' dir='ltr'><strong>plerumque,</strong></span> <span class='ocrx_word' id='word_1_31' title='bbox 559 1178 719 1242; x_wconf 81' lang='lat' dir='ltr'><strong>Horatius</strong></span> <span class='ocrx_word' id='word_1_32' title='bbox 743 1187 852 1243; x_wconf 86' lang='lat' dir='ltr'><strong>autem</strong></span> <span class='ocrx_word' id='word_1_33' title='bbox 875 1189 908 1244; x_wconf 91' lang='lat' dir='ltr'><strong>et</strong></span> <span class='ocrx_word' id='word_1_34' title='bbox 923 1180 1055 1247; x_wconf 81' lang='lat' dir='ltr'><strong>Persius</strong></span> <span class='ocrx_word' id='word_1_35' title='bbox 1078 1180 1112 1243; x_wconf 91' lang='lat' dir='ltr'><strong>in</strong></span> <span class='ocrx_word' id='word_1_36' title='bbox 1135 1181 1244 1245; x_wconf 87' lang='lat' dir='ltr'><strong>satiris</strong></span> <span class='ocrx_word' id='word_1_37' title='bbox 1267 1182 1388 1267; x_wconf 91' lang='lat' dir='ltr'><strong>ubique</strong></span> <span class='ocrx_word' id='word_1_38' title='bbox 1403 1185 1455 1247; x_wconf 89' lang='lat' dir='ltr'><strong>usi</strong></span> 
     </span>
     <span class='ocr_line' id='line_1_6' title="bbox 333 1279 1453 1367; baseline 0.004 -22"><span class='ocrx_word' id='word_1_39' title='bbox 333 1283 401 1346; x_wconf 90' lang='lat' dir='ltr'><strong>sint</strong></span> <span class='ocrx_word' id='word_1_40' title='bbox 428 1279 645 1363; x_wconf 81' lang='lat' dir='ltr'><strong>hexametris3</strong></span> <span class='ocrx_word' id='word_1_41' title='bbox 674 1290 808 1345; x_wconf 90' lang='lat' dir='ltr'><strong>econtra</strong></span> <span class='ocrx_word' id='word_1_42' title='bbox 837 1282 978 1345; x_wconf 88' lang='lat' dir='ltr'><strong>uarietas</strong></span> <span class='ocrx_word' id='word_1_43' title='bbox 1007 1304 1106 1367; x_wconf 91' lang='lat' dir='ltr'><strong>quam</strong></span> <span class='ocrx_word' id='word_1_44' title='bbox 1126 1282 1175 1345; x_wconf 94' lang='lat' dir='ltr'><strong>illi</strong></span> <span class='ocrx_word' id='word_1_45' title='bbox 1197 1282 1399 1348; x_wconf 83' lang='lat' dir='ltr'><strong>adhibebant</strong></span> <span class='ocrx_word' id='word_1_46' title='bbox 1418 1287 1453 1349; x_wconf 89' lang='lat' dir='ltr'><strong>in</strong></span> 
     </span>
     <span class='ocr_line' id='line_1_7' title="bbox 333 1382 1453 1469; baseline 0.002 -22"><span class='ocrx_word' id='word_1_47' title='bbox 333 1383 420 1448; x_wconf 91' lang='lat' dir='ltr'><strong>serio</strong></span> <span class='ocrx_word' id='word_1_48' title='bbox 449 1383 626 1467; x_wconf 85' lang='lat' dir='ltr'><strong>iocoseque</strong></span> <span class='ocrx_word' id='word_1_49' title='bbox 659 1404 808 1448; x_wconf 90' lang='lat' dir='ltr'><strong>sermone</strong></span> <span class='ocrx_word' id='word_1_50' title='bbox 842 1383 988 1447; x_wconf 77' lang='lat' dir='ltr'><strong>idcissim</strong></span> <span class='ocrx_word' id='word_1_51' title='bbox 1020 1382 1169 1469; x_wconf 92' lang='lat' dir='ltr'><strong>ponendo</strong></span> <span class='ocrx_word' id='word_1_52' title='bbox 1199 1394 1231 1449; x_wconf 89' lang='lat' dir='ltr'><strong>et</strong></span> <span class='ocrx_word' id='word_1_53' title='bbox 1250 1385 1389 1449; x_wconf 71' lang='lat' dir='ltr'><strong>vomnino</strong></span> <span class='ocrx_word' id='word_1_54' title='bbox 1419 1385 1453 1449; x_wconf 92' lang='lat' dir='ltr'><strong>in</strong></span> 
     </span>
     <span class='ocr_line' id='line_1_8' title="bbox 333 1483 1452 1569; baseline 0.002 -20"><span class='ocrx_word' id='word_1_55' title='bbox 333 1493 601 1569; x_wconf 85' lang='lat' dir='ltr'><strong>argumentorum</strong></span> <span class='ocrx_word' id='word_1_56' title='bbox 624 1483 814 1549; x_wconf 89' lang='lat' dir='ltr'><strong>diuersitate</strong></span> <span class='ocrx_word' id='word_1_57' title='bbox 838 1486 1021 1550; x_wconf 78' lang='lat' dir='ltr'><strong>constabat.</strong></span> <span class='ocrx_word' id='word_1_58' title='bbox 1055 1485 1150 1549; x_wconf 88' lang='lat' dir='ltr'><strong>Hanc</strong></span> <span class='ocrx_word' id='word_1_59' title='bbox 1164 1487 1267 1569; x_wconf 87' lang='lat' dir='ltr'><strong>igitur</strong></span> <span class='ocrx_word' id='word_1_60' title='bbox 1281 1509 1354 1550; x_wconf 89' lang='lat' dir='ltr'><strong>cum</strong></span> <span class='ocrx_word' id='word_1_61' title='bbox 1370 1487 1452 1551; x_wconf 90' lang='lat' dir='ltr'><strong>Var-</strong></span> 
     </span>
     <span class='ocr_line' id='line_1_9' title="bbox 332 1586 1453 1673; baseline 0.001 -24"><span class='ocrx_word' id='word_1_62' title='bbox 332 1587 470 1651; x_wconf 90' lang='lat' dir='ltr'><strong>roniano</strong></span> <span class='ocrx_word' id='word_1_63' title='bbox 493 1609 620 1673; x_wconf 91' lang='lat' dir='ltr'><strong>quoque</strong></span> <span class='ocrx_word' id='word_1_64' title='bbox 637 1587 755 1671; x_wconf 82' lang='lat' dir='ltr'><strong>generi</strong></span> <span class='ocrx_word' id='word_1_65' title='bbox 776 1586 900 1651; x_wconf 84' lang='lat' dir='ltr'><strong>Fabius</strong></span> <span class='ocrx_word' id='word_1_66' title='bbox 930 1587 1097 1671; x_wconf 83' lang='lat' dir='ltr'><strong>adsignet,</strong></span> <span class='ocrx_word' id='word_1_67' title='bbox 1126 1586 1224 1651; x_wconf 90' lang='lat' dir='ltr'><strong>aliam</strong></span> <span class='ocrx_word' id='word_1_68' title='bbox 1252 1588 1351 1652; x_wconf 87' lang='lat' dir='ltr'><strong>etiam</strong></span> <span class='ocrx_word' id='word_1_69' title='bbox 1372 1589 1453 1653; x_wconf 93' lang='lat' dir='ltr'><strong>inibi</strong></span> 
     </span>
     <span class='ocr_line' id='line_1_10' title="bbox 331 1688 1453 1775; baseline 0.001 -23"><span class='ocrx_word' id='word_1_70' title='bbox 331 1688 527 1753; x_wconf 86' lang='lat' dir='ltr'><strong>uarietatem</strong></span> <span class='ocrx_word' id='word_1_71' title='bbox 549 1688 654 1753; x_wconf 86' lang='lat' dir='ltr'><strong>fuisse</strong></span> <span class='ocrx_word' id='word_1_72' title='bbox 676 1688 837 1774; x_wconf 89' lang='lat' dir='ltr'><strong>perhibet,</strong></span> <span class='ocrx_word' id='word_1_73' title='bbox 860 1712 959 1775; x_wconf 89' lang='lat' dir='ltr'><strong>quam</strong></span> <span class='ocrx_word' id='word_1_74' title='bbox 980 1712 1099 1774; x_wconf 83' lang='lat' dir='ltr'><strong>magno</strong></span> <span class='ocrx_word' id='word_1_75' title='bbox 1122 1699 1233 1755; x_wconf 86' lang='lat' dir='ltr'><strong>nostro</strong></span> <span class='ocrx_word' id='word_1_76' title='bbox 1257 1689 1453 1754; x_wconf 90' lang='lat' dir='ltr'><strong>detrimento</strong></span> 
     </span>
     <span class='ocr_line' id='line_1_11' title="bbox 332 1790 1451 1877; baseline 0.004 -24"><span class='ocrx_word' id='word_1_77' title='bbox 332 1814 399 1856; x_wconf 92' lang='lat' dir='ltr'><strong>non</strong></span> <span class='ocrx_word' id='word_1_78' title='bbox 422 1792 546 1877; x_wconf 90' lang='lat' dir='ltr'><strong>apertis</strong></span> <span class='ocrx_word' id='word_1_79' title='bbox 569 1790 680 1856; x_wconf 84' lang='lat' dir='ltr'><strong>verbis</strong></span> <span class='ocrx_word' id='word_1_80' title='bbox 704 1790 868 1874; x_wconf 86' lang='lat' dir='ltr'><strong>significat</strong></span> <span class='ocrx_word' id='word_1_81' title='bbox 897 1791 956 1855; x_wconf 88' lang='lat' dir='ltr'><strong>sed</strong></span> <span class='ocrx_word' id='word_1_82' title='bbox 984 1791 1156 1856; x_wconf 85' lang='lat' dir='ltr'><strong>obscurius</strong></span> <span class='ocrx_word' id='word_1_83' title='bbox 1180 1801 1308 1856; x_wconf 84' lang='lat' dir='ltr'><strong>tantum</strong></span> <span class='ocrx_word' id='word_1_84' title='bbox 1336 1794 1451 1877; x_wconf 83' lang='lat' dir='ltr'><strong>tangit.</strong></span> 
     </span>
     <span class='ocr_line' id='line_1_12' title="bbox 332 1891 1453 1979; baseline 0.002 -24"><span class='ocrx_word' id='word_1_85' title='bbox 332 1892 444 1958; x_wconf 87' lang='lat' dir='ltr'><strong>Possit</strong></span> <span class='ocrx_word' id='word_1_86' title='bbox 465 1893 539 1979; x_wconf 91' lang='lat' dir='ltr'><strong>quis</strong></span> <span class='ocrx_word' id='word_1_87' title='bbox 561 1892 609 1957; x_wconf 90' lang='lat' dir='ltr'><strong>ita</strong></span> <span class='ocrx_word' id='word_1_88' title='bbox 631 1891 783 1979; x_wconf 91' lang='lat' dir='ltr'><strong>supplere</strong></span> <span class='ocrx_word' id='word_1_89' title='bbox 806 1900 884 1957; x_wconf 78' lang='lat' dir='ltr'><strong>‘non</strong></span> <span class='ocrx_word' id='word_1_90' title='bbox 907 1891 978 1958; x_wconf 90' lang='lat' dir='ltr'><strong>sola</strong></span> <span class='ocrx_word' id='word_1_91' title='bbox 999 1894 1179 1957; x_wconf 88' lang='lat' dir='ltr'><strong>carminum</strong></span> <span class='ocrx_word' id='word_1_92' title='bbox 1201 1892 1223 1957; x_wconf 91' lang='lat' dir='ltr'><strong>i.</strong></span> <span class='ocrx_word' id='word_1_93' title='bbox 1239 1916 1267 1957; x_wconf 92' lang='lat' dir='ltr'><strong>c.</strong></span> <span class='ocrx_word' id='word_1_94' title='bbox 1284 1917 1453 1979; x_wconf 88' lang='lat' dir='ltr'><strong>argumen-</strong></span> 
     </span>
     <span class='ocr_line' id='line_1_13' title="bbox 332 1994 1453 2075; baseline -0.001 -15"><span class='ocrx_word' id='word_1_95' title='bbox 332 2004 442 2060; x_wconf 90' lang='lat' dir='ltr'><strong>torum</strong></span> <span class='ocrx_word' id='word_1_96' title='bbox 463 1994 498 2056; x_wconf 92' lang='lat' dir='ltr'><strong>in</strong></span> <span class='ocrx_word' id='word_1_97' title='bbox 520 1994 722 2059; x_wconf 85' lang='lat' dir='ltr'><strong>carminibus</strong></span> <span class='ocrx_word' id='word_1_98' title='bbox 746 2002 971 2075; x_wconf 86' lang='lat' dir='ltr'><strong>tractatorum,</strong></span> <span class='ocrx_word' id='word_1_99' title='bbox 995 1994 1053 2059; x_wconf 91' lang='lat' dir='ltr'><strong>sed</strong></span> <span class='ocrx_word' id='word_1_100' title='bbox 1075 1995 1174 2059; x_wconf 90' lang='lat' dir='ltr'><strong>etiam</strong></span> <span class='ocrx_word' id='word_1_101' title='bbox 1196 2005 1376 2061; x_wconf 86' lang='lat' dir='ltr'><strong>metrorum</strong></span> <span class='ocrx_word' id='word_1_102' title='bbox 1396 2018 1453 2059; x_wconf 91' lang='lat' dir='ltr'><strong>ua-</strong></span> 
     </span>
     <span class='ocr_line' id='line_1_14' title="bbox 332 2095 1453 2176; baseline 0 -17"><span class='ocrx_word' id='word_1_103' title='bbox 332 2097 451 2162; x_wconf 88' lang='lat' dir='ltr'><strong>rietate</strong></span> <span class='ocrx_word' id='word_1_104' title='bbox 473 2097 637 2176; x_wconf 86' lang='lat' dir='ltr'><strong>mixtum&#39;,</strong></span> <span class='ocrx_word' id='word_1_105' title='bbox 661 2096 744 2160; x_wconf 90' lang='lat' dir='ltr'><strong>alius</strong></span> <span class='ocrx_word' id='word_1_106' title='bbox 769 2105 879 2161; x_wconf 89' lang='lat' dir='ltr'><strong>autem</strong></span> <span class='ocrx_word' id='word_1_107' title='bbox 901 2095 983 2160; x_wconf 90' lang='lat' dir='ltr'><strong>haec</strong></span> <span class='ocrx_word' id='word_1_108' title='bbox 1006 2095 1238 2161; x_wconf 88' lang='lat' dir='ltr'><strong>coniectauerit</strong></span> <span class='ocrx_word' id='word_1_109' title='bbox 1261 2097 1331 2162; x_wconf 73' lang='lat' dir='ltr'><strong>‘sed</strong></span> <span class='ocrx_word' id='word_1_110' title='bbox 1353 2098 1453 2162; x_wconf 90' lang='lat' dir='ltr'><strong>etiam</strong></span> 
     </span>
     <span class='ocr_line' id='line_1_15' title="bbox 333 2198 1453 2284; baseline 0.001 -22"><span class='ocrx_word' id='word_1_111' title='bbox 333 2198 530 2284; x_wconf 87' lang='lat' dir='ltr'><strong>(uariorum)</strong></span> <span class='ocrx_word' id='word_1_112' title='bbox 552 2209 731 2264; x_wconf 86' lang='lat' dir='ltr'><strong>metrorum</strong></span> <span class='ocrx_word' id='word_1_113' title='bbox 753 2220 827 2262; x_wconf 86' lang='lat' dir='ltr'><strong>cum</strong></span> <span class='ocrx_word' id='word_1_114' title='bbox 852 2200 1001 2284; x_wconf 89' lang='lat' dir='ltr'><strong>prosario</strong></span> <span class='ocrx_word' id='word_1_115' title='bbox 1030 2220 1179 2262; x_wconf 92' lang='lat' dir='ltr'><strong>sermone</strong></span> <span class='ocrx_word' id='word_1_116' title='bbox 1207 2200 1453 2265; x_wconf 85' lang='lat' dir='ltr'><strong>coniunctorum</strong></span> 
     </span>
     <span class='ocr_line' id='line_1_16' title="bbox 331 2300 1454 2387; baseline 0.002 -23"><span class='ocrx_word' id='word_1_117' title='bbox 331 2301 493 2365; x_wconf 89' lang='lat' dir='ltr'><strong>uarietate</strong></span> <span class='ocrx_word' id='word_1_118' title='bbox 520 2301 684 2381; x_wconf 87' lang='lat' dir='ltr'><strong>mixtum&#39;,</strong></span> <span class='ocrx_word' id='word_1_119' title='bbox 713 2310 746 2365; x_wconf 88' lang='lat' dir='ltr'><strong>et</strong></span> <span class='ocrx_word' id='word_1_120' title='bbox 771 2309 887 2364; x_wconf 91' lang='lat' dir='ltr'><strong>neuter</strong></span> <span class='ocrx_word' id='word_1_121' title='bbox 915 2322 932 2364; x_wconf 88' lang='lat' dir='ltr'><strong>e</strong></span> <span class='ocrx_word' id='word_1_122' title='bbox 961 2300 1158 2383; x_wconf 77' lang='lat' dir='ltr'><strong>Quintiliani</strong></span> <span class='ocrx_word' id='word_1_123' title='bbox 1189 2301 1300 2367; x_wconf 91' lang='lat' dir='ltr'><strong>uerbis</strong></span> <span class='ocrx_word' id='word_1_124' title='bbox 1333 2301 1454 2387; x_wconf 85' lang='lat' dir='ltr'><strong>poterit</strong></span> 
     </span>
     <span class='ocr_line' id='line_1_17' title="bbox 332 2401 1452 2488; baseline 0.002 -23"><span class='ocrx_word' id='word_1_125' title='bbox 332 2401 511 2488; x_wconf 86' lang='lat' dir='ltr'><strong>refutari.¹)</strong></span> <span class='ocrx_word' id='word_1_126' title='bbox 556 2402 667 2483; x_wconf 74' lang='lat' dir='ltr'><strong>Quare</strong></span> <span class='ocrx_word' id='word_1_127' title='bbox 695 2424 755 2486; x_wconf 88' lang='lat' dir='ltr'><strong>ego</strong></span> <span class='ocrx_word' id='word_1_128' title='bbox 784 2402 845 2467; x_wconf 90' lang='lat' dir='ltr'><strong>hoc</strong></span> <span class='ocrx_word' id='word_1_129' title='bbox 867 2402 938 2466; x_wconf 90' lang='lat' dir='ltr'><strong>iam</strong></span> <span class='ocrx_word' id='word_1_130' title='bbox 964 2402 1035 2468; x_wconf 91' lang='lat' dir='ltr'><strong>loco</strong></span> <span class='ocrx_word' id='word_1_131' title='bbox 1064 2424 1293 2487; x_wconf 89' lang='lat' dir='ltr'><strong>praemonere,</strong></span> <span class='ocrx_word' id='word_1_132' title='bbox 1321 2426 1382 2468; x_wconf 93' lang='lat' dir='ltr'><strong>nos</strong></span> <span class='ocrx_word' id='word_1_133' title='bbox 1411 2426 1452 2467; x_wconf 87' lang='lat' dir='ltr'><strong>ex</strong></span> 
     </span>
     <span class='ocr_line' id='line_1_18' title="bbox 320 2503 1451 2591; baseline 0 -25"><span class='ocrx_word' id='word_1_134' title='bbox 320 2505 429 2571; x_wconf 75' lang='lat' dir='ltr'><strong>Fabii</strong></span> <span class='ocrx_word' id='word_1_135' title='bbox 462 2505 574 2569; x_wconf 89' lang='lat' dir='ltr'><strong>uerbis</strong></span> <span class='ocrx_word' id='word_1_136' title='bbox 606 2505 640 2567; x_wconf 93' lang='lat' dir='ltr'><strong>in</strong></span> <span class='ocrx_word' id='word_1_137' title='bbox 673 2504 731 2569; x_wconf 88' lang='lat' dir='ltr'><strong>illa</strong></span> <span class='ocrx_word' id='word_1_138' title='bbox 768 2505 966 2589; x_wconf 83' lang='lat' dir='ltr'><strong>grauissima</strong></span> <span class='ocrx_word' id='word_1_139' title='bbox 999 2506 1189 2591; x_wconf 88' lang='lat' dir='ltr'><strong>quaestione</strong></span> <span class='ocrx_word' id='word_1_140' title='bbox 1227 2503 1272 2567; x_wconf 91' lang='lat' dir='ltr'><strong>nil</strong></span> <span class='ocrx_word' id='word_1_141' title='bbox 1307 2504 1451 2591; x_wconf 89' lang='lat' dir='ltr'><strong>praesidi</strong></span> 
     </span>
     <span class='ocr_line' id='line_1_19' title="bbox 333 2604 1451 2687; baseline -0.002 -18"><span class='ocrx_word' id='word_1_142' title='bbox 333 2606 506 2671; x_wconf 89' lang='lat' dir='ltr'><strong>habituros</strong></span> <span class='ocrx_word' id='word_1_143' title='bbox 530 2622 613 2687; x_wconf 88' lang='lat' dir='ltr'><strong>esse,</strong></span> <span class='ocrx_word' id='word_1_144' title='bbox 637 2607 739 2670; x_wconf 89' lang='lat' dir='ltr'><strong>tutius</strong></span> <span class='ocrx_word' id='word_1_145' title='bbox 764 2606 854 2670; x_wconf 85' lang='lat' dir='ltr'><strong>duxi.</strong></span> <span class='ocrx_word' id='word_1_146' title='bbox 899 2606 986 2670; x_wconf 91' lang='lat' dir='ltr'><strong>Nam</strong></span> <span class='ocrx_word' id='word_1_147' title='bbox 1013 2616 1046 2672; x_wconf 89' lang='lat' dir='ltr'><strong>et</strong></span> <span class='ocrx_word' id='word_1_148' title='bbox 1067 2604 1150 2670; x_wconf 91' lang='lat' dir='ltr'><strong>illud</strong></span> <span class='ocrx_word' id='word_1_149' title='bbox 1171 2606 1237 2670; x_wconf 91' lang='lat' dir='ltr'><strong>iam</strong></span> <span class='ocrx_word' id='word_1_150' title='bbox 1258 2606 1451 2686; x_wconf 90' lang='lat' dir='ltr'><strong>monstraui,</strong></span> 
     </span>
     <span class='ocr_line' id='line_1_20' title="bbox 331 2707 1451 2794; baseline -0.001 -22"><span class='ocrx_word' id='word_1_151' title='bbox 331 2708 517 2773; x_wconf 79' lang='lat' dir='ltr'><strong>Varronem.</strong></span> <span class='ocrx_word' id='word_1_152' title='bbox 536 2731 603 2773; x_wconf 93' lang='lat' dir='ltr'><strong>non</strong></span> <span class='ocrx_word' id='word_1_153' title='bbox 627 2730 699 2771; x_wconf 90' lang='lat' dir='ltr'><strong>cum</strong></span> <span class='ocrx_word' id='word_1_154' title='bbox 715 2708 822 2773; x_wconf 86' lang='lat' dir='ltr'><strong>Ennio</strong></span> <span class='ocrx_word' id='word_1_155' title='bbox 845 2707 899 2773; x_wconf 93' lang='lat' dir='ltr'><strong>hic</strong></span> <span class='ocrx_word' id='word_1_156' title='bbox 922 2709 1022 2773; x_wconf 84' lang='lat' dir='ltr'><strong>tacite</strong></span> <span class='ocrx_word' id='word_1_157' title='bbox 1045 2708 1205 2794; x_wconf 91' lang='lat' dir='ltr'><strong>componi,</strong></span> <span class='ocrx_word' id='word_1_158' title='bbox 1223 2709 1311 2793; x_wconf 92' lang='lat' dir='ltr'><strong>quod</strong></span> <span class='ocrx_word' id='word_1_159' title='bbox 1327 2732 1369 2773; x_wconf 86' lang='lat' dir='ltr'><strong>ex</strong></span> <span class='ocrx_word' id='word_1_160' title='bbox 1384 2730 1451 2772; x_wconf 92' lang='lat' dir='ltr'><strong>cor-</strong></span> 
     </span>
     <span class='ocr_line' id='line_1_21' title="bbox 331 2808 1451 2896; baseline -0.002 -21"><span class='ocrx_word' id='word_1_161' title='bbox 331 2811 439 2896; x_wconf 87' lang='lat' dir='ltr'><strong>ruptis</strong></span> <span class='ocrx_word' id='word_1_162' title='bbox 463 2809 526 2874; x_wconf 89' lang='lat' dir='ltr'><strong>illis</strong></span> <span class='ocrx_word' id='word_1_163' title='bbox 557 2810 670 2875; x_wconf 74' lang='lat' dir='ltr'><strong>‘etiam</strong></span> <span class='ocrx_word' id='word_1_164' title='bbox 692 2812 796 2895; x_wconf 88' lang='lat' dir='ltr'><strong>prius&#39;</strong></span> <span class='ocrx_word' id='word_1_165' title='bbox 825 2808 978 2873; x_wconf 90' lang='lat' dir='ltr'><strong>concludi</strong></span> <span class='ocrx_word' id='word_1_166' title='bbox 1005 2810 1125 2895; x_wconf 73' lang='lat' dir='ltr'><strong>possit,</strong></span> <span class='ocrx_word' id='word_1_167' title='bbox 1150 2811 1204 2894; x_wconf 87' lang='lat' dir='ltr'><strong>agi</strong></span> <span class='ocrx_word' id='word_1_168' title='bbox 1227 2810 1313 2874; x_wconf 91' lang='lat' dir='ltr'><strong>enim</strong></span> <span class='ocrx_word' id='word_1_169' title='bbox 1336 2810 1376 2874; x_wconf 89' lang='lat' dir='ltr'><strong>de</strong></span> <span class='ocrx_word' id='word_1_170' title='bbox 1399 2832 1451 2894; x_wconf 86' lang='lat' dir='ltr'><strong>ge-</strong></span> 
     </span>
     <span class='ocr_line' id='line_1_22' title="bbox 330 2910 1430 2997; baseline -0.001 -20"><span class='ocrx_word' id='word_1_171' title='bbox 330 2935 410 2977; x_wconf 92' lang='lat' dir='ltr'><strong>nere</strong></span> <span class='ocrx_word' id='word_1_172' title='bbox 432 2910 487 2976; x_wconf 95' lang='lat' dir='ltr'><strong>illo</strong></span> <span class='ocrx_word' id='word_1_173' title='bbox 510 2912 598 2996; x_wconf 91' lang='lat' dir='ltr'><strong>quod</strong></span> <span class='ocrx_word' id='word_1_174' title='bbox 619 2911 690 2997; x_wconf 87' lang='lat' dir='ltr'><strong>ipse</strong></span> <span class='ocrx_word' id='word_1_175' title='bbox 713 2911 820 2976; x_wconf 90' lang='lat' dir='ltr'><strong>Varro</strong></span> <span class='ocrx_word' id='word_1_176' title='bbox 842 2912 965 2996; x_wconf 89' lang='lat' dir='ltr'><strong>primus</strong></span> <span class='ocrx_word' id='word_1_177' title='bbox 987 2912 1152 2976; x_wconf 89' lang='lat' dir='ltr'><strong>inuenerit</strong></span> <span class='ocrx_word' id='word_1_178' title='bbox 1173 2911 1430 2995; x_wconf 89' lang='lat' dir='ltr'><strong>condideritque.</strong></span> 
     </span>
    </p>

    <p class='ocr_par' dir='ltr' id='par_1_3' title="bbox 330 3012 1453 4118">
     <span class='ocr_line' id='line_1_23' title="bbox 397 3012 1453 3079; baseline -0.003 -1"><span class='ocrx_word' id='word_1_179' title='bbox 397 3014 437 3078; x_wconf 91' lang='lat' dir='ltr'><strong>In</strong></span> <span class='ocrx_word' id='word_1_180' title='bbox 460 3012 685 3079; x_wconf 85' lang='lat' dir='ltr'><strong>describendis</strong></span> <span class='ocrx_word' id='word_1_181' title='bbox 709 3012 868 3078; x_wconf 89' lang='lat' dir='ltr'><strong>Varronis</strong></span> <span class='ocrx_word' id='word_1_182' title='bbox 893 3013 1013 3077; x_wconf 90' lang='lat' dir='ltr'><strong>saturis</strong></span> <span class='ocrx_word' id='word_1_183' title='bbox 1036 3013 1380 3077; x_wconf 73' lang='lat' dir='ltr'><strong>initium&#39;sumendum</strong></span> <span class='ocrx_word' id='word_1_184' title='bbox 1403 3021 1453 3075; x_wconf 88' lang='lat' dir='ltr'><strong>est</strong></span> 
     </span>
     <span class='ocr_line' id='line_1_24' title="bbox 332 3113 1451 3201; baseline -0.004 -20"><span class='ocrx_word' id='word_1_185' title='bbox 332 3141 353 3181; x_wconf 92' lang='lat' dir='ltr'><strong>a</strong></span> <span class='ocrx_word' id='word_1_186' title='bbox 375 3116 445 3181; x_wconf 91' lang='lat' dir='ltr'><strong>loco</strong></span> <span class='ocrx_word' id='word_1_187' title='bbox 469 3113 569 3180; x_wconf 82' lang='lat' dir='ltr'><strong>Gellii</strong></span> <span class='ocrx_word' id='word_1_188' title='bbox 591 3114 695 3196; x_wconf 85' lang='lat'>1118,</span> <span class='ocrx_word' id='word_1_189' title='bbox 712 3124 808 3201; x_wconf 88' lang='lat' dir='ltr'><strong>6sq.,</strong></span> <span class='ocrx_word' id='word_1_190' title='bbox 832 3137 928 3201; x_wconf 91' lang='lat' dir='ltr'><strong>quem</strong></span> <span class='ocrx_word' id='word_1_191' title='bbox 942 3113 1137 3180; x_wconf 86' lang='lat' dir='ltr'><strong>Macrobius</strong></span> <span class='ocrx_word' id='word_1_192' title='bbox 1162 3114 1294 3180; x_wconf 88' lang='lat' dir='ltr'><strong>Saturn.</strong></span> <span class='ocrx_word' id='word_1_193' title='bbox 1310 3114 1327 3177; x_wconf 97' lang='lat' dir='ltr'>I</span> <span class='ocrx_word' id='word_1_194' title='bbox 1343 3123 1393 3196; x_wconf 93' lang='lat'><strong>11,</strong></span> <span class='ocrx_word' id='word_1_195' title='bbox 1411 3123 1451 3183; x_wconf 81' lang='lat'><strong>42</strong></span> 
     </span>
     <span class='ocr_line' id='line_1_25' title="bbox 331 3216 1451 3303; baseline -0.002 -20"><span class='ocrx_word' id='word_1_196' title='bbox 331 3218 457 3283; x_wconf 89' lang='lat' dir='ltr'><strong>eisdem</strong></span> <span class='ocrx_word' id='word_1_197' title='bbox 479 3216 592 3282; x_wconf 91' lang='lat' dir='ltr'><strong>uerbis</strong></span> <span class='ocrx_word' id='word_1_198' title='bbox 616 3217 805 3303; x_wconf 82' lang='lat' dir='ltr'><strong>exscripsit:</strong></span> <span class='ocrx_word' id='word_1_199' title='bbox 830 3222 906 3281; x_wconf 71' lang='lat' dir='ltr'><strong>&lt;Alii</strong></span> <span class='ocrx_word' id='word_1_200' title='bbox 931 3238 1048 3297; x_wconf 82' lang='lat' dir='ltr'><strong>quoqne</strong></span> <span class='ocrx_word' id='word_1_201' title='bbox 1074 3238 1135 3281; x_wconf 90' lang='lat' dir='ltr'><strong>non</strong></span> <span class='ocrx_word' id='word_1_202' title='bbox 1157 3222 1257 3296; x_wconf 81' lang='lat' dir='ltr'><strong>pauci</strong></span> <span class='ocrx_word' id='word_1_203' title='bbox 1281 3224 1366 3281; x_wconf 86' lang='lat' dir='ltr'><strong>serni</strong></span> <span class='ocrx_word' id='word_1_204' title='bbox 1381 3220 1451 3293; x_wconf 85' lang='lat' dir='ltr'><strong>sne-</strong></span> 
     </span>
     <span class='ocr_line' id='line_1_26' title="bbox 330 3324 1451 3399; baseline -0.004 -15"><span class='ocrx_word' id='word_1_205' title='bbox 330 3331 406 3385; x_wconf 83' lang='lat' dir='ltr'><strong>runt</strong></span> <span class='ocrx_word' id='word_1_206' title='bbox 428 3327 481 3399; x_wconf 80' lang='lat' dir='ltr'><strong>pni</strong></span> <span class='ocrx_word' id='word_1_207' title='bbox 498 3330 574 3398; x_wconf 84' lang='lat' dir='ltr'><strong>posi·</strong></span> <span class='ocrx_word' id='word_1_208' title='bbox 588 3324 764 3399; x_wconf 75' lang='lat' dir='ltr'><strong>philosophi</strong></span> <span class='ocrx_word' id='word_1_209' title='bbox 788 3326 870 3384; x_wconf 81' lang='lat' dir='ltr'><strong>riori</strong></span> <span class='ocrx_word' id='word_1_210' title='bbox 896 3326 1070 3389; x_wconf 73' lang='lat' dir='ltr'><strong>extiterunt.</strong></span> <span class='ocrx_word' id='word_1_211' title='bbox 1110 3339 1150 3383; x_wconf 82' lang='lat' dir='ltr'><strong>ex</strong></span> <span class='ocrx_word' id='word_1_212' title='bbox 1177 3324 1283 3398; x_wconf 80' lang='lat' dir='ltr'><strong>quibus</strong></span> <span class='ocrx_word' id='word_1_213' title='bbox 1310 3325 1361 3381; x_wconf 85' lang='lat' dir='ltr'><strong>iiie</strong></span> <span class='ocrx_word' id='word_1_214' title='bbox 1387 3324 1451 3381; x_wconf 85' lang='lat' dir='ltr'><strong>Me-</strong></span> 
     </span>
     <span class='ocr_line' id='line_1_27' title="bbox 331 3424 1450 3502; baseline -0.004 -16"><span class='ocrx_word' id='word_1_215' title='bbox 331 3429 443 3502; x_wconf 84' lang='lat' dir='ltr'><strong>nippus</strong></span> <span class='ocrx_word' id='word_1_216' title='bbox 466 3424 546 3500; x_wconf 81' lang='lat' dir='ltr'><strong>fnit,</strong></span> <span class='ocrx_word' id='word_1_217' title='bbox 576 3428 661 3485; x_wconf 84' lang='lat' dir='ltr'><strong>cuins</strong></span> <span class='ocrx_word' id='word_1_218' title='bbox 689 3428 783 3486; x_wconf 83' lang='lat' dir='ltr'><strong>libros</strong></span> <span class='ocrx_word' id='word_1_219' title='bbox 809 3427 854 3485; x_wconf 89' lang='lat' dir='ltr'><strong>M.</strong></span> <span class='ocrx_word' id='word_1_220' title='bbox 885 3427 987 3486; x_wconf 86' lang='lat' dir='ltr'><strong>Varro</strong></span> <span class='ocrx_word' id='word_1_221' title='bbox 1015 3428 1046 3483; x_wconf 88' lang='lat' dir='ltr'><strong>in</strong></span> <span class='ocrx_word' id='word_1_222' title='bbox 1073 3427 1177 3484; x_wconf 80' lang='lat' dir='ltr'><strong>satiris</strong></span> <span class='ocrx_word' id='word_1_223' title='bbox 1204 3426 1370 3484; x_wconf 79' lang='lat' dir='ltr'><strong>aemulatus</strong></span> <span class='ocrx_word' id='word_1_224' title='bbox 1397 3432 1450 3497; x_wconf 84' lang='lat' dir='ltr'><strong>eri,</strong></span> 
     </span>
     <span class='ocr_line' id='line_1_28' title="bbox 332 3520 1452 3604; baseline -0.005 -15"><span class='ocrx_word' id='word_1_225' title='bbox 332 3545 409 3604; x_wconf 80' lang='lat' dir='ltr'><strong>quas</strong></span> <span class='ocrx_word' id='word_1_226' title='bbox 436 3530 494 3587; x_wconf 85' lang='lat' dir='ltr'><strong>aiii</strong></span> <span class='ocrx_word' id='word_1_227' title='bbox 519 3530 659 3604; x_wconf 77' lang='lat' dir='ltr'><strong>cynicus,</strong></span> <span class='ocrx_word' id='word_1_228' title='bbox 695 3529 760 3603; x_wconf 83' lang='lat' dir='ltr'><strong>ipse</strong></span> <span class='ocrx_word' id='word_1_229' title='bbox 792 3530 930 3603; x_wconf 78' lang='lat' dir='ltr'><strong>appellnt</strong></span> <span class='ocrx_word' id='word_1_230' title='bbox 963 3527 1166 3601; x_wconf 62' lang='lat' dir='ltr'><strong>Menippeas?</strong></span> <span class='ocrx_word' id='word_1_231' title='bbox 1206 3520 1324 3585; x_wconf 72' lang='lat' dir='ltr'><strong>vPaulo</strong></span> <span class='ocrx_word' id='word_1_232' title='bbox 1358 3520 1452 3585; x_wconf 88' lang='lat' dir='ltr'><strong>aliter</strong></span> 
     </span>
     <span class='ocr_line' id='line_1_29' title="bbox 331 3622 1449 3706; baseline -0.002 -17"><span class='ocrx_word' id='word_1_233' title='bbox 331 3624 421 3689; x_wconf 90' lang='lat' dir='ltr'><strong>idem</strong></span> <span class='ocrx_word' id='word_1_234' title='bbox 436 3623 564 3689; x_wconf 82' lang='lat' dir='ltr'><strong>Gellius</strong></span> <span class='ocrx_word' id='word_1_235' title='bbox 580 3622 670 3687; x_wconf 87' lang='lat' dir='ltr'>XIII</span> <span class='ocrx_word' id='word_1_236' title='bbox 685 3632 736 3706; x_wconf 84' lang='lat'><strong>31,</strong></span> <span class='ocrx_word' id='word_1_237' title='bbox 756 3634 772 3693; x_wconf 93' lang='lat'>1</span> <span class='ocrx_word' id='word_1_238' title='bbox 798 3624 893 3688; x_wconf 89' lang='lat' dir='ltr'><strong>dicit:</strong></span> <span class='ocrx_word' id='word_1_239' title='bbox 920 3632 973 3670; x_wconf 70' lang='lat'><strong>‘-</strong></span> <span class='ocrx_word' id='word_1_240' title='bbox 987 3633 1163 3689; x_wconf 73' lang='lat' dir='ltr'><strong>salmurum</strong></span> <span class='ocrx_word' id='word_1_241' title='bbox 1179 3629 1224 3689; x_wconf 91' lang='lat' dir='ltr'><strong>M.</strong></span> <span class='ocrx_word' id='word_1_242' title='bbox 1247 3630 1396 3689; x_wconf 81' lang='lat' dir='ltr'><strong>Varronis</strong></span> <span class='ocrx_word' id='word_1_243' title='bbox 1413 3660 1449 3670; x_wconf 96' lang='lat'>-</span> 
     </span>
     <span class='ocr_line' id='line_1_30' title="bbox 332 3725 1451 3811; baseline -0.003 -20"><span class='ocrx_word' id='word_1_244' title='bbox 332 3748 409 3807; x_wconf 78' lang='lat' dir='ltr'><strong>qnos</strong></span> <span class='ocrx_word' id='word_1_245' title='bbox 431 3733 550 3807; x_wconf 82' lang='lat' dir='ltr'><strong>purtim</strong></span> <span class='ocrx_word' id='word_1_246' title='bbox 576 3733 702 3808; x_wconf 78' lang='lat' dir='ltr'><strong>cynicos</strong></span> <span class='ocrx_word' id='word_1_247' title='bbox 734 3732 790 3791; x_wconf 84' lang='lat' dir='ltr'><strong>alii</strong></span> <span class='ocrx_word' id='word_1_248' title='bbox 816 3731 994 3807; x_wconf 79' lang='lat' dir='ltr'><strong>Menippeas</strong></span> <span class='ocrx_word' id='word_1_249' title='bbox 1026 3732 1208 3807; x_wconf 66' lang='lat' dir='ltr'><strong>appeliant?</strong></span> <span class='ocrx_word' id='word_1_250' title='bbox 1257 3725 1451 3811; x_wconf 78' lang='lat' dir='ltr'><strong>Menippeas</strong></span> 
     </span>
     <span class='ocr_line' id='line_1_31' title="bbox 332 3825 1450 3915; baseline -0.003 -22"><span class='ocrx_word' id='word_1_251' title='bbox 332 3827 561 3915; x_wconf 89' lang='lat' dir='ltr'><strong>appellationis</strong></span> <span class='ocrx_word' id='word_1_252' title='bbox 595 3827 715 3892; x_wconf 86' lang='lat' dir='ltr'><strong>rationi</strong></span> <span class='ocrx_word' id='word_1_253' title='bbox 750 3828 870 3913; x_wconf 90' lang='lat' dir='ltr'><strong>apertis</strong></span> <span class='ocrx_word' id='word_1_254' title='bbox 904 3828 1015 3894; x_wconf 90' lang='lat' dir='ltr'><strong>uerbis</strong></span> <span class='ocrx_word' id='word_1_255' title='bbox 1051 3827 1270 3892; x_wconf 88' lang='lat' dir='ltr'><strong>declarandae</strong></span> <span class='ocrx_word' id='word_1_256' title='bbox 1297 3825 1450 3890; x_wconf 87' lang='lat' dir='ltr'><strong>Valerius</strong></span> 
     </span>
     <span class='ocr_line' id='line_1_32' title="bbox 331 3927 1452 4015; baseline -0.003 -21"><span class='ocrx_word' id='word_1_257' title='bbox 331 3931 462 3996; x_wconf 89' lang='lat' dir='ltr'><strong>Probus</strong></span> <span class='ocrx_word' id='word_1_258' title='bbox 491 3928 548 4014; x_wconf 90' lang='lat' dir='ltr'><strong>qui</strong></span> <span class='ocrx_word' id='word_1_259' title='bbox 575 3927 710 4012; x_wconf 89' lang='lat' dir='ltr'><strong>dicitur,</strong></span> <span class='ocrx_word' id='word_1_260' title='bbox 733 3928 862 4013; x_wconf 82' lang='lat' dir='ltr'><strong>Vergili</strong></span> <span class='ocrx_word' id='word_1_261' title='bbox 884 3937 1131 4010; x_wconf 84' lang='lat' dir='ltr'><strong>commentator,</strong></span> <span class='ocrx_word' id='word_1_262' title='bbox 1154 3951 1287 4015; x_wconf 89' lang='lat' dir='ltr'><strong>operam</strong></span> <span class='ocrx_word' id='word_1_263' title='bbox 1315 3928 1452 3991; x_wconf 85' lang='lat' dir='ltr'><strong>nauauit</strong></span> 
     </span>
     <span class='ocr_line' id='line_1_33' title="bbox 332 4027 1449 4118; baseline -0.004 -23"><span class='ocrx_word' id='word_1_264' title='bbox 332 4032 389 4118; x_wconf 90' lang='lat' dir='ltr'><strong>qui</strong></span> <span class='ocrx_word' id='word_1_265' title='bbox 422 4031 465 4096; x_wconf 91' lang='lat' dir='ltr'><strong>ad</strong></span> <span class='ocrx_word' id='word_1_266' title='bbox 499 4030 599 4115; x_wconf 85' lang='lat' dir='ltr'><strong>Verg.</strong></span> <span class='ocrx_word' id='word_1_267' title='bbox 629 4030 688 4096; x_wconf 87' lang='lat' dir='ltr'><strong>ecl.</strong></span> <span class='ocrx_word' id='word_1_268' title='bbox 717 4031 767 4095; x_wconf 91' lang='lat' dir='ltr'><strong>VI</strong></span> <span class='ocrx_word' id='word_1_269' title='bbox 797 4039 833 4100; x_wconf 87' lang='lat'><strong>31</strong></span> <span class='ocrx_word' id='word_1_270' title='bbox 864 4054 897 4117; x_wconf 87' lang='lat' dir='ltr'><strong>p.</strong></span> <span class='ocrx_word' id='word_1_271' title='bbox 922 4041 977 4112; x_wconf 85' lang='lat'><strong>14,</strong></span> <span class='ocrx_word' id='word_1_272' title='bbox 1014 4040 1054 4101; x_wconf 87' lang='grc'><strong>19</strong></span> <span class='ocrx_word' id='word_1_273' title='bbox 1086 4030 1173 4095; x_wconf 89' lang='lat' dir='ltr'><strong>Keil.</strong></span> <span class='ocrx_word' id='word_1_274' title='bbox 1192 4030 1281 4117; x_wconf 61' lang='lat' dir='ltr'><strong>⁸haec</strong></span> <span class='ocrx_word' id='word_1_275' title='bbox 1307 4027 1449 4113; x_wconf 88' lang='lat' dir='ltr'><strong>profert:</strong></span> 
     </span>
    </p>
   </div>
   <div class='ocr_carea' id='block_1_3' title="bbox 329 4302 1451 4712">
    <p class='ocr_par' dir='ltr' id='par_1_4' title="bbox 329 4302 1451 4712">
     <span class='ocr_line' id='line_1_34' title="bbox 402 4302 1451 4371; baseline 0 -18"><span class='ocrx_word' id='word_1_276' title='bbox 402 4303 427 4369; x_wconf 88' lang='lat'><strong>1)</strong></span> <span class='ocrx_word' id='word_1_277' title='bbox 446 4303 553 4355; x_wconf 82' lang='lat' dir='ltr'><strong>Futilia</strong></span> <span class='ocrx_word' id='word_1_278' title='bbox 578 4308 669 4356; x_wconf 84' lang='lat' dir='ltr'><strong>autern</strong></span> <span class='ocrx_word' id='word_1_279' title='bbox 692 4306 834 4370; x_wconf 88' lang='lat' dir='ltr'><strong>Roeperus</strong></span> <span class='ocrx_word' id='word_1_280' title='bbox 858 4304 954 4371; x_wconf 90' lang='lat' dir='ltr'><strong>philol.</strong></span> <span class='ocrx_word' id='word_1_281' title='bbox 974 4304 1068 4356; x_wconf 89' lang='lat' dir='ltr'>XVIII</span> <span class='ocrx_word' id='word_1_282' title='bbox 1086 4308 1136 4357; x_wconf 83' lang='lat'><strong>430</strong></span> <span class='ocrx_word' id='word_1_283' title='bbox 1159 4304 1289 4369; x_wconf 89' lang='lat' dir='ltr'><strong>protulit,</strong></span> <span class='ocrx_word' id='word_1_284' title='bbox 1315 4302 1362 4367; x_wconf 91' lang='lat' dir='ltr'><strong>qui</strong></span> <span class='ocrx_word' id='word_1_285' title='bbox 1380 4302 1451 4353; x_wconf 87' lang='lat' dir='ltr'><strong>talia</strong></span> 
     </span>
     <span class='ocr_line' id='line_1_35' title="bbox 332 4388 1451 4455; baseline -0.003 -14"><span class='ocrx_word' id='word_1_286' title='bbox 332 4390 539 4455; x_wconf 75' lang='lat' dir='ltr'><strong>Quintilianum</strong></span> <span class='ocrx_word' id='word_1_287' title='bbox 557 4392 638 4455; x_wconf 88' lang='lat' dir='ltr'><strong>putat</strong></span> <span class='ocrx_word' id='word_1_288' title='bbox 650 4391 786 4441; x_wconf 80' lang='lat' dir='ltr'><strong>sensIsse:</strong></span> <span class='ocrx_word' id='word_1_289' title='bbox 804 4405 859 4440; x_wconf 91' lang='lat' dir='ltr'><strong>non</strong></span> <span class='ocrx_word' id='word_1_290' title='bbox 877 4390 938 4441; x_wconf 86' lang='lat' dir='ltr'><strong>sola</strong></span> <span class='ocrx_word' id='word_1_291' title='bbox 958 4391 1107 4440; x_wconf 83' lang='lat' dir='ltr'><strong>carminum</strong></span> <span class='ocrx_word' id='word_1_292' title='bbox 1124 4391 1340 4439; x_wconf 69' lang='lat' dir='ltr'><strong>tenerorum</strong></span> <span class='ocrx_word' id='word_1_293' title='bbox 1358 4388 1451 4438; x_wconf 85' lang='lat' dir='ltr'><strong>uarie-</strong></span> 
     </span>
     <span class='ocr_line' id='line_1_36' title="bbox 329 4473 1450 4539; baseline -0.003 -14"><span class='ocrx_word' id='word_1_294' title='bbox 329 4478 390 4527; x_wconf 87' lang='lat' dir='ltr'><strong>tate</strong></span> <span class='ocrx_word' id='word_1_295' title='bbox 413 4476 542 4537; x_wconf 87' lang='lat' dir='ltr'><strong>mixtum,</strong></span> <span class='ocrx_word' id='word_1_296' title='bbox 571 4473 619 4525; x_wconf 86' lang='lat' dir='ltr'><strong>sed</strong></span> <span class='ocrx_word' id='word_1_297' title='bbox 647 4475 731 4526; x_wconf 87' lang='lat' dir='ltr'><strong>etiam</strong></span> <span class='ocrx_word' id='word_1_298' title='bbox 755 4475 821 4525; x_wconf 89' lang='lat' dir='ltr'><strong>serii</strong></span> <span class='ocrx_word' id='word_1_299' title='bbox 843 4475 987 4539; x_wconf 90' lang='lat' dir='ltr'><strong>iocosique</strong></span> <span class='ocrx_word' id='word_1_300' title='bbox 1009 4476 1144 4525; x_wconf 91' lang='lat' dir='ltr'><strong>sermonis</strong></span> <span class='ocrx_word' id='word_1_301' title='bbox 1168 4474 1371 4524; x_wconf 87' lang='lat' dir='ltr'><strong>coniunctione.</strong></span> <span class='ocrx_word' id='word_1_302' title='bbox 1407 4473 1450 4523; x_wconf 86' lang='lat' dir='ltr'><strong>An</strong></span> 
     </span>
     <span class='ocr_line' id='line_1_37' title="bbox 330 4558 1449 4625; baseline -0.003 -15"><span class='ocrx_word' id='word_1_303' title='bbox 330 4560 403 4611; x_wconf 84' lang='lat' dir='ltr'><strong>forte</strong></span> <span class='ocrx_word' id='word_1_304' title='bbox 428 4560 463 4609; x_wconf 87' lang='lat' dir='ltr'><strong>ab</strong></span> <span class='ocrx_word' id='word_1_305' title='bbox 485 4558 642 4610; x_wconf 88' lang='lat' dir='ltr'><strong>Horatiano</strong></span> <span class='ocrx_word' id='word_1_306' title='bbox 666 4575 768 4625; x_wconf 80' lang='lat' dir='ltr'><strong>genere</strong></span> <span class='ocrx_word' id='word_1_307' title='bbox 790 4560 862 4610; x_wconf 89' lang='lat' dir='ltr'><strong>haec</strong></span> <span class='ocrx_word' id='word_1_308' title='bbox 884 4559 1044 4609; x_wconf 88' lang='lat' dir='ltr'><strong>coniunctio</strong></span> <span class='ocrx_word' id='word_1_309' title='bbox 1067 4560 1179 4623; x_wconf 88' lang='lat' dir='ltr'><strong>aberat,</strong></span> <span class='ocrx_word' id='word_1_310' title='bbox 1202 4562 1233 4608; x_wconf 91' lang='lat' dir='ltr'><strong>ut</strong></span> <span class='ocrx_word' id='word_1_311' title='bbox 1256 4573 1290 4609; x_wconf 86' lang='lat' dir='ltr'><strong>ea</strong></span> <span class='ocrx_word' id='word_1_312' title='bbox 1307 4562 1449 4623; x_wconf 85' lang='lat' dir='ltr'><strong>tamquam</strong></span> 
     </span>
     <span class='ocr_line' id='line_1_38' title="bbox 329 4644 787 4712; baseline 0 -17"><span class='ocrx_word' id='word_1_313' title='bbox 329 4644 444 4712; x_wconf 86' lang='lat' dir='ltr'><strong>propria</strong></span> <span class='ocrx_word' id='word_1_314' title='bbox 461 4644 580 4696; x_wconf 86' lang='lat' dir='ltr'><strong>Varroni</strong></span> <span class='ocrx_word' id='word_1_315' title='bbox 598 4644 787 4695; x_wconf 72' lang='lat' dir='ltr'><strong>tribueretur?</strong></span> 
     </span>
    </p>
   </div>
   <div class='ocr_carea' id='block_1_4' title="bbox 0 0 1784 5709">
    <p class='ocr_par' dir='ltr' id='par_1_5' title="bbox 0 0 1784 5709">
     <span class='ocr_line' id='line_1_39' title="bbox 0 0 1784 5709; baseline 0 1"><span class='ocrx_word' id='word_1_316' title='bbox 0 0 1784 5709; x_wconf 95' lang='lat' dir='ltr'><strong> </strong></span> 
     </span>
    </p>
   </div>
  </div>
 </body>
</html>
