3559 5709
605 1888 1040 2001 ‘PRAEFATIO
1146 1969 1152 1986 „

362 2266 417 2343 Μ.
430 2276 587 2342 Varronis
603 2284 788 2341 saturarum
801 2276 1048 2362 Menippearum
1065 2275 1263 2341 edendarum
1278 2297 1395 2339 munus

275 2417 351 2460 oum
366 2396 472 2459 minus
489 2416 587 2481 quam
601 2394 806 2480 reliquorum.
819 2394 965 2459 eiusdem
986 2394 1144 2459 librorum
1159 2396 1311 2459 tractatio
1334 2394 1395 2458 hoc

274 2515 436 2601 requirat,
465 2523 502 2579 ut
530 2535 629 2600 opera
651 2514 856 2599 antiquitatis
879 2535 964 2599 quae
994 2521 1169 2598 supersunt
1196 2511 1265 2576 fere
1287 2511 1396 2576 omnia
1479 2547 1511 2591 g

225 2635 227 2641 '
274 2632 486 2718 perlegantur
508 2641 540 2697 et
568 2641 801 2717 excerpantur,
829 2634 934 2716 magis
963 2653 1061 2717 quam
1087 2629 1134 2694 illi
1148 2625 1195 2695 ”et
1221 2629 1396 2694 uerborum

275 2752 535 2836 emendationem
556 2760 589 2815 et
610 2752 730 2815 iustam
752 2752 856 2837 ipsius
880 2751 1037 2815 librorum
1058 2748 1176 2814 indolis
1200 2749 1395 2813 aestimatio·
1437 2800 1439 2804 Α

274 2892 350 2935 nem
365 2869 541 2954 praecipue
557 2870 620 2934 sibi
635 2869 789 2955 postulat.
814 2868 962 2948 Quorum
977 2868 1181 2952 negotiorum
1197 2865 1299 2931 altero
1314 2868 1395 2930 meis

273 2988 499 3055 tantummodo
523 2990 648 3053 uiribus
670 2990 762 3053 nisus
784 2989 818 3053 in
844 2987 1084 3073 prolegomenis
1105 3008 1165 3071 pro
1187 2984 1276 3049 uirili
1302 2994 1395 3069 parte

274 3108 369 3193 fungi
392 3130 464 3173 sum
485 3116 636 3190 conatus3
660 3108 695 3172 in
710 3107 815 3187 altero
828 3117 938 3174 autem
960 3105 1167 3190 suscipiendo
1190 3113 1223 3168 et
1244 3114 1281 3169 ut
1302 3103 1396 3169 decet

275 3251 296 3293 a
311 3235 400 3293 certa
421 3227 568 3293 codicum
585 3224 754 3313 scriptura
768 3226 952 3312 incipiendo
975 3245 1096 3310 magna
1117 3223 1265 3289 uirorum
1287 3223 1395 3289 docto-

273 3369 346 3411 rum
379 3346 559 3413 liberalitas
589 3368 787 3432 magnopere
814 3367 867 3410 me
894 3345 1038 3425 adiuuit,
1072 3344 1191 3429 quibus
1222 3344 1301 3406 uiris
1336 3362 1396 3427 pro

272 3465 396 3551 insigni
423 3487 504 3551 erga
529 3488 581 3533 me
613 3465 784 3551 studiaque
813 3486 886 3529 mea
920 3463 1121 3548 benignitate
1149 3460 1279 3548 publice
1310 3483 1396 3525 nunc

273 3586 398 3670 gratias
429 3606 528 3671 quam
561 3586 723 3652 maximas
754 3584 860 3648 animo
894 3578 1072 3653 laetissimo
1107 3582 1276 3648 testificari
1310 3579 1395 3652 licet,

274 3704 407 3799 Etenim
421 3703 463 3769 de
478 3702 638 3769 Gellianis
654 3703 735 3775 locis
750 3702 913 3778 Martinus
925 3700 1080 3766 Hertaius
1087 3748 1096 3781 ‚
1120 3701 1212 3766 cuius
1226 3698 1396 3766 inlustrem

273 3824 512 3889 humanitatem
540 3843 600 3907 ego
628 3844 758 3908 quoque
785 3843 851 3887 non
878 3842 943 3885 uno
971 3821 1099 3885 nomine
1128 3828 1282 3904 expertus
1311 3824 1393 3900 sum‚'

274 3942 317 4008 de
339 3942 453 4008 Seruio
477 3950 509 4006 et
530 3938 725 4026 Philargyro
747 3916 911 4025 Georgius
927 3938 1021 4004 Thilo
1044 3928 1098 4005 me
1118 3939 1289 4006 certiorem
1311 3936 1394 4002 fece-

272 4070 359 4127 runt.
404 4060 504 4126 Nonii
526 4068 635 4127 autem
656 4059 804 4125 Marcelli
826 4059 971 4125 codicem
993 4058 1290 4145 Guelferbytanum
1314 4056 1395 4142 (Gu-

273 4180 407 4267 dianurn
440 4187 480 4248 96
521 4200 605 4245 saec.
640 4178 707 4264 XI)
735 4179 781 4243 ·F.
811 4178 852 4244 G.
888 4177 1104 4263 Kiesslingio,
1146 4198 1211 4263 quo
1245 4175 1396 4261 praeside

271 4299 507 4364 humanissimo
546 4299 581 4363 in
621 4298 792 4384 gymnasio
832 4295 1031 4362 Ioachimico
1069 4294 1272 4361 Berolinensi
1320 4292 1398 4359 olim

273 4417 444 4492 doc'ebam,
478 4418 672 4485 Leidensem
702 4416 914 4502 (Vossianum
943 4424 982 4485 73
1017 4436 1100 4481 saec.
1135 4412 1202 4497 XI)
1233 4411 1399 4478 Theodori

272 4536 468 4603 Mommseni
502 4538 671 4603 uoluntate
702 4534 979 4603 intercedentibus
1008 4536 1080 4620 ipse
1101 4535 1137 4598 in
1163 4554 1278 4601 manus
1309 4553 1398 4596 meas
