3559 5709
338 691 379 754 82
807 697 935 753 CAl’V'l
962 697 985 753 ll

337 859 468 945 quidem
490 861 540 923 uis
564 871 714 943 augetur,
730 861 950 925 membrorum
973 870 1082 924 autem
1097 859 1266 946 totiusque
1287 859 1364 925 ideo
1385 882 1448 924 uer-

338 984 393 1025 sus
422 960 631 1026 cohaerentia
663 962 764 1047 porit;
792 960 881 1047 quod
909 984 1012 1046 genus
1041 961 1128 1047 apud
1155 960 1237 1026 alios
1265 984 1378 1027 rarum
1400 960 1448 1046 (cf.

336 1062 536 1128 Ritschelius
560 1061 708 1149 prolegg.
739 1064 832 1126 Trin.
861 1086 894 1150 p.
923 1062 1164 1148 CCLXXXII)
1188 1061 1339 1128 abundat
1371 1062 1450 1149 apud

337 1164 532 1229 Varronem.
569 1163 738 1250 Nusquam
755 1175 865 1229 autem
880 1173 974 1229 extat
988 1164 1103 1229 incisio
1119 1174 1195 1250 post
1210 1164 1345 1229 tertiam
1360 1165 1451 1230 araim

338 1270 427 1349 (nam
449 1266 542 1350 Virg.
567 1266 633 1330 diu.
655 1266 740 1348 VII,
764 1290 783 1330 a
804 1266 964 1331 Muellero
986 1289 1018 1353 p.
1042 1274 1104 1335 422
1130 1265 1195 1330 huo
1216 1276 1377 1347 tractum,
1403 1288 1449 1353 pe

336 1369 439 1432 destri
467 1390 616 1432 sermone
646 1368 901 1454 scriptumest).
924 1406 967 1415 -
987 1367 1138 1453 Denique
1165 1366 1255 1453 quod
1279 1366 1323 1431 ad
1346 1389 1449 1432 accen·

336 1481 388 1535 tus
412 1470 590 1534 uerborum
613 1492 687 1533 cum
708 1469 852 1533 metricis
874 1468 1105 1555 exaequandos
1121 1468 1276 1555 pertinet,
1291 1491 1451 1555 nunqnam

334 1572 397 1636 hoc
419 1570 573 1659 consulto·
590 1571 660 1635 fieri
681 1571 715 1633 in
737 1571 844 1658 prima
866 1580 899 1635 ct
920 1569 1038 1635 ultima
1068 1568 1205 1656 dipodia
1226 1592 1303 1634 cum
1324 1568 1450 1656 reliquis

333 1674 439 1760 poetis
467 1672 568 1737 habet
595 1695 780 1755 commun03
809 1694 914 1759 noque
936 1673 974 1737 fit
994 1671 1029 1735 in
1051 1671 1180 1753 uerbis,
1214 1693 1352 1757 quarum
1380 1693 1449 1758 pars

335 1774 378 1838 ad
406 1774 465 1837 has
493 1796 570 1860 pars
599 1773 641 1838 ad
669 1774 809 1839 mediam
838 1774 991 1860 pertinet.
1041 1775 1088 1837 At
1119 1772 1154 1835 in
1181 1772 1293 1837 media
1320 1774 1449 1860 dipodia

334 1887 452 1962 quarto
484 1876 616 1961 quidem
648 1875 731 1962 pede
763 1875 927 1940 uocabula
956 1874 1050 1961 ponit
1081 1874 1222 1940 iambica
1255 1896 1341 1960 quae
1374 1876 1449 1939 fiunt

334 1990 480 2064 oxytona
488 1978 512 2059 1)
519 2026 528 2058 ,
551 2000 717 2063 nunquam
739 1988 848 2042 autem
875 1976 937 2063 (sic
959 1976 1059 2041 ctiam
1080 1974 1266 2062 Phaedrus)
1289 1976 1326 2039 in
1349 1976 1448 2057 tertie,

335 2079 455 2142 nedum
486 2079 520 2141 in
551 2088 697 2163 utroque.
756 2079 840 2143 Nam
875 2089 908 2143 et
940 2076 1034 2142 Sard.
1061 2099 1136 2141 uen.
1163 2076 1210 2161 fg.
1244 2077 1335 2162 quod
1369 2075 1449 2164 apud

335 2179 509 2246 Oeblerum
536 2179 621 2243 banc
647 2180 747 2245 habet
775 2179 942 2266 dipodiam
977 2177 1118 2241 mediam
1140 2180 1264 2242 ‘saltim
1291 2182 1449 2260 pude't',a

333 2281 426 2368 poesi
449 2282 579 2347 omnino
604 2281 746 2346 alienum
769 2292 819 2346 cst
836 2273 958 2345 vet'‘0v.
982 2276 1055 2361 λύρ.
1079 2280 1209 2345 Illita
1231 2280 1447 2361 scribendum,

333 2393 370 2447 ut
393 2386 509 2449 ‘diutim
531 2386 642 2465 iyrdm'
671 2407 738 2448 non
764 2381 906 2445 mediam
934 2381 993 2446 sed
1020 2380 1168 2445 ultimam
1195 2380 1334 2468 impleat
1365 2382 1448 2467 dipo

193 2569 196 2582 Ι
289 2483 292 2488 ’
333 2484 437 2566 diam,
461 2509 526 2571 qua
547 2485 724 2549 mutatione
748 2486 949 2549 exorientem
969 2483 1100 2547 tertium
1122 2483 1156 2545 in
1178 2492 1336 2569 sequente
1358 2505 1448 2547 uersu

332 2586 450 2671 podem
472 2589 628 2664 ‘quadam’
653 2584 813 2671 quomodo
830 2584 1022 2649 abstulerim
1038 2585 1233 2649 sententiam
1247 2586 1448 2671 metrumque

333 2687 457 2772 pariter
480 2687 677 2772 respiciens,
701 2686 870 2751 commodo
894 2686 965 2751 loco
987 2687 1127 2750 uidebis
1158 2686 1231 2751 Hoc
1252 2709 1357 2751 unum
1380 2708 1448 2751 eon-

334 2788 433 2851 cossit
456 2788 520 2853 sibi
535 2789 650 2869 Varro,
673 2798 711 2852 ut
733 2810 830 2853 uoces
854 2811 937 2874 quae
960 2788 1049 2853 tertii
1070 2787 1165 2874 pedis
1187 2788 1254 2851 arsi
1270 2799 1448 2874 quartoque

332 2889 415 2976 pede
444 2901 512 2966 toto
541 2900 710 2972 constant,
745 2889 815 2954 siue
844 2899 921 2953 sunt
949 2888 1142 2954 molossicae
1165 2889 1335 2973 (seilarunt
1363 2890 1447 2975 Sesq.

332 2992 395 3056 XI.
416 2996 597 3057 comouritur
618 2992 727 3056 Prom.
749 2990 794 3079 V)
823 2992 893 3054 siue
922 2978 1161 3055 choriambicae
1189 2990 1370 3074 (multiplici
1389 2994 1447 3074 Ag.

331 3093 396 3178 Vl)
421 3095 491 3157 siue
513 3115 653 3178 paeones
678 3094 787 3178 quarti
810 3084 1038 3177 (00100οῊ011.
1056 3086 1129 3172 irio.
1147 3091 1206 3155 IV.
1230 3092 1362 3157 mt'seriis
1382 3094 1448 3157 Lex

331 3193 377 3257 Μ.
401 3194 480 3258 VII.
502 3196 677 3258 cecidiront
702 3194 731 3279 [ὅ
755 3194 798 3258 cf.
821 3195 884 3258 Est
906 3218 948 3257 m.
972 3217 1014 3257 m.
1036 3194 1054 3257 I
1076 3194 1255 3257 inaeniruni
1278 3202 1313 3258 et
1336 3194 1448 3259 Aetbr.

331 3294 378 3379 fg.
407 3295 442 3357 in
470 3295 621 3359 uersibus
651 3295 780 3359 Graeca
803 3296 981 3359 seueritate
1003 3296 1193 3380 compositis
1210 3294 1446 3380 pertimuerunt]

302 3410 303 3414 ’
331 3397 424 3484 Sesq.
448 3396 492 3460 X.
520 3419 583 3483 quo
613 3396 714 3460 etiam
741 3397 883 3482 pertinet
911 3400 992 3476 qao‘d
1019 3404 1141 3460 animae
1172 3396 1284 3477 Torod.
1311 3396 1380 3480 1113
1409 3397 1448 3462 cf.

330 3499 482 3562 molliorem
506 3497 545 3562 de
569 3520 672 3583 comp.
690 3498 794 3581 satt.),
818 3499 1006 3563 accentibus
1028 3497 1218 3562 uerbalibus
1242 3498 1299 3583 qui
1321 3502 1448 3563 suntin

332 3597 482 3661 secundis
506 3598 642 3683 syllabis
665 3598 822 3683 neglectis
845 3600 1013 3663 metricam
1035 3600 1070 3661 in
1084 3599 1197 3685 primis
1221 3596 1361 3683 syllabis
1384 3601 1450 3663 uim

330 3699 498 3763 haberent.
538 3700 576 3763 ln
598 3702 787 3764 uniuersum
810 3710 919 3764 autern
941 3700 1030 3784 leges
1054 3723 1133 3786 quas
1155 3699 1217 3764 hac
1239 3701 1275 3763 in
1297 3723 1333 3765 re
1357 3700 1449 3766 Plau·

331 3810 400 3864 tum
422 3799 576 3865 habuisse
599 3802 797 3866 Ritschelius
825 3803 846 3866 l.
871 3825 899 3864 c.
922 3826 954 3889 p.
979 3802 1084 3865 CCVI
1106 3824 1176 3887 sqq.
1200 3802 1356 3886 ostendit,
1381 3826 1449 3868 cae-

331 3902 405 3965 dem
432 3913 509 3966 sunt
540 3925 623 3987 quac
652 3903 739 3989 apud
767 3904 951 3969 Varronem
979 3926 1109 3989 quoque
1139 3902 1266 3982 ualent,
1296 3903 1332 3967 id
1361 3904 1448 3990 quod

330 4005 437 4068 obiter
459 4012 601 4086 tantum,
634 4028 707 4068 curn
735 4014 839 4069 totam
868 4028 938 4069 rom
959 4005 1059 4068 nolim
1086 4015 1307 4089 pertractare,
1335 4016 1450 4071 contra

414 4296 439 4357 1)
458 4294 632 4346 Vocabulum
649 4296 828 4359 spondaicum
847 4311 879 4345 00
898 4296 968 4359 pede
987 4294 1091 4344 nullum
1110 4296 1252 4344 inuenItur
1267 4301 1385 4359 praeter
1397 4299 1449 4348 Pa·

330 4381 403 4443 piap.
424 4381 465 4429 ΙΙΙ
487 4383 578 4429 ‘rictus
598 4382 784 4443 paruissimirs’.
820 4380 972 4429 Iambicam
996 4396 1092 4429 uocem
1114 4380 1269 4442 insequitur
1294 4381 1449 4447 quadrisyl-

329 4463 421 4511 labum
440 4464 565 4527 uerbum,
585 4463 666 4526 quale
687 4469 729 4513 cst
747 4464 814 4513 illud
831 4466 1004 4527 przrnissimua,
1029 4464 1101 4517 Mod.
1124 4465 1138 4513 Ι
1156 4466 1244 4513 ‘auido
1267 4470 1404 4516 sccaatili’
1424 4474 1452 4518 et

329 4546 394 4594 ibid.
412 4544 454 4595 IlI
476 4551 568 4610 ‘prado
590 4552 699 4597 tolotili’.
740 4548 903 4611 Plerumque
926 4550 996 4598 duae
1019 4555 1150 4599 secuntur
1172 4564 1256 4598 uoces
1279 4548 1450 4616 bisyHaban,

329 4629 377 4677 sed
396 4630 436 4678 Id.
455 4633 510 4680 Ati.
530 4648 553 4696 q.
574 4632 605 4683 T.
623 4633 636 4680 I
672 4637 749 4681 extat
766 4634 867 4681 *001001
886 4636 947 4699 quid
963 4638 1002 4682 uis
1021 4634 1097 4683 iibi?’
