3559 5709
699 440 829 506 ,τΑοΗ
854 439 1073 506 ΜεΝιΠπογ
1396 440 1457 505 arr
1482 495 1484 500 .

770 608 858 674 xxi
881 606 947 693 (ro.
972 609 1026 694 18)

337 743 339 750 ⁴
423 710 494 777 'Sed
521 727 618 800 quae'
633 711 812 777 necessitas
840 721 872 776 te
900 711 993 799 iubet
1022 732 1139 796 aquam
1173 709 1341 776 effundere
1372 709 1459 776 domi
1476 727 1491 802 y·

340 814 438 879 tuae?
469 815 496 878 si
511 835 594 877 uasa
607 813 709 879 habes
725 824 871 900 pertusa,
887 812 1057 900 plumbum
1072 834 1137 876 non
1151 811 1275 877 habes?
1298 810 1342 876 ad
1362 834 1460 898 quam

339 937 405 979 rem
428 915 524 980 nobis
548 924 598 980 est
621 914 843 981 confluuium?
866 914 909 979 ad
933 937 1030 1001 quam
1053 935 1122 977 rem
1145 915 1335 979 urnarium?

761 1032 866 1097 XXII
891 1032 957 1119 (20.
981 1034 1036 1118 22)
1540 1128 1552 1136 ..
1591 1119 1597 1129 .

422 1134 497 1198 Non
519 1133 613 1198 uides
636 1133 672 1196 in
694 1138 715 1215 t
737 1134 870 1220 publiea
893 1144 988 1200 nocte
1010 1145 1043 1199 te
1071 1134 1241 1218 tabernas,
1271 1157 1335 1222 qua
1356 1156 1458 1222 popu·

337 1234 386 1299 lus
410 1233 614 1301 ambulando
637 1236 774 1321 proinde
795 1246 833 1300 ut
854 1236 887 1299 in
911 1245 1004 1302 arato
1027 1257 1144 1322 porcas
1167 1235 1297 1302 reddit?
1475 1248 1494 1306 5

754 1354 879 1420 XXIII
902 1357 967 1440 (21.
991 1357 1046 1439 21)

424 1457 499 1522 Non
521 1457 615 1521 uides
637 1456 672 1520 in
693 1457 820 1541 magnis
843 1456 1025 1543 peristylis,
1048 1457 1103 1544 qui
1126 1466 1259 1543 cryptas
1282 1449 1459 1522 dominon

335 1557 475 1640 habent,
506 1558 658 1623 sabulum
680 1558 788 1622 iacere
811 1580 831 1623 a
852 1560 977 1645 pariete
993 1570 1081 1655 ante
1103 1568 1237 1644 xystoS,
1266 1558 1324 1624 ubi
1346 1558 1458 1623 ambu-

334 1658 403 1723 lare
425 1658 574 1746 possint?

351 1750 353 1753 ⁴
764 1743 885 1809 XXIV
910 1748 954 1827 (8.
976 1746 1032 1832 24)

421 1846 514 1910 Haec
542 1844 651 1910 Numa
673 1846 853 1933 Pompilius
882 1845 954 1910 fieri
983 1841 1020 1909 si'
1033 1845 1170 1929 uiderit,
1199 1846 1296 1929 sciet,
1325 1868 1458 1911 suorum
1514 1926 1518 1931 ³
1612 1866 1621 1875 ⁴

335 1948 559 2012 institutorum
581 1968 642 2011 nec
663 1947 773 2013 uolam
795 1968 856 2012 nec
877 1947 1056 2031 uestigium
1078 1969 1248 2033 apparere.
1469 1960 1508 2020 10

335 2119 381 2182 W)
397 2122 459 2170 ...’
512 2118 578 2168 XIX
595 2117 699 2171 Nonius
719 2122 811 2185 140‚2
838 2120 1038 2172 ‘Maeander
1057 2126 1099 2171 est
1116 2121 1243 2185 picturae
1262 2134 1349 2184 genus
1368 2120 1402 2169 ab
1421 2121 1457 2169 si-

335 2186 394 2236 mili
417 2200 501 2251 opere
524 2186 744 2251 labyrinthorum
763 2193 863 2252 ortum,
892 2187 1039 2240 clauiculis
1062 2189 1219 2252 inligatum.
1259 2187 1347 2237 Varro
1370 2180 1459 2253 Ταφῇ

334 2253 494 2306 Μενίππου
513 2253 602 2315 (item
620 2256 740 2320 inippu
758 2256 785 2306 H
798 2272 832 2310 m.
850 2272 890 2321 pr.
915 2256 1007 2309 Locus
1026 2256 1105 2307 deest
1115 2256 1205 2306 Paris.
1220 2256 1295 2305 7665.
1315 2254 1456 2319 7666)...’

334 2323 386 2371 XX
403 2322 510 2373 Nonius
528 2322 570 2386 48,
589 2326 622 2374 23
652 2324 814 2388 ‘Elixum,
835 2324 966 2389 quidquid
985 2343 1018 2376 ex
1037 2339 1116 2390 aqua
1127 2324 1247 2373 mollitur
1265 2322 1457 2388 ueldecoqui·
1486 2356 1488 2360 Α

335 2394 394 2454 tur3
413 2405 478 2439 uam
497 2389 582 2439 lixam
604 2406 702 2455 aquam
721 2397 830 2442 ueteres
850 2407 911 2442 esse
930 2394 1063 2443 dixerunt.
1082 2418 1117 2427 -
1133 2419 1167 2427 —
1184 2391 1272 2441 Varro
1293 2390 1381 2456 Τοιῳῇ
1397 2393 1457 2443 Με-

335 2456 446 2507 νίππου
465 2457 659 2524 (Menippoy
671 2460 723 2509 HL
742 2460 915 2526 Minippoy
933 2462 993 2528 Wl:
1017 2465 1050 2514 In
1063 2496 1091 2513 ..
1110 2461 1217 2527 elixos)
1235 2460 1341 2509 Nonius
1358 2460 1423 2520 488,
1442 2460 1458 2508 5

325 2526 458 2575 “Humu
481 2541 530 2597 pro
552 2525 645 2577 humo.
684 2528 772 2577 Varro
795 2555 828 2563 -
849 2530 939 2581 Varro
970 2526 1057 2601 Ταφῇ
1085 2526 1160 2591 (Ate
1189 2527 1278 2576 Paris.
1297 2525 1379 2590 7666)
1398 2529 1458 2577 Με-

334 2610 444 2662 νίππου
461 2596 647 2677 (¹¹¹¹iiippuL
671 2611 785 2677 Mippn
802 2612 916 2674 Paris.):
941 2607 1134 2661 In..elixos.’
1194 2611 1259 2659 XXI
1277 2611 1381 2660 Nonius
1398 2607 1470 2669 544(
1526 2619 1528 2623 ⁴

335 2680 368 2727 16
386 2679 588 2732 ‘Vrnarium
608 2680 696 2730 Varro
711 2678 799 2745 Ταφῇ
810 2678 968 2731 Μενίππου
982 2680 1154 2745 (Minuppu
1166 2681 1265 2740 W)...’
1311 2679 1391 2728 XXII
1403 2680 1457 2728 No-

334 2747 397 2796 nius
416 2749 476 2809 152,
496 2749 528 2796 19
546 2747 696 2797 ‘Porcas
733 2750 822 2799 Varro
843 2746 931 2813 Ταφῇ
948 2747 1108 2799 Μενίππου
1127 2748 1288 2811 (Minippo
1306 2747 1384 2808 isso:
1403 2762 1457 2795 non

336 2849 387 2867 ...
406 2814 519 2866 reddit)
556 2812 672 2876 (Varro
691 2852 698 2865 .
714 2853 740 2864 ..
760 2816 873 2865 reddit
891 2817 991 2866 desunt
1009 2814 1065 2881 W).
1118 2815 1213 2864 XXIII
1230 2814 1333 2864 Nonius
1353 2816 1457 2877 169,10

335 2881 523 2931 ‘Sabutum
564 2884 651 2932 Varro
682 2882 770 2949 Ταφῇ
792 2884 950 2935 Μενίππου
978 2881 1153 2948 (Menippu
1171 2881 1293 2946 W)..,’
1340 2883 1456 2945 Xystum

333 2948 470 3014 intellege
489 2949 687 3015 ‘hypaethram
704 2952 934 3002 ambulationem’
953 2950 1108 3014 (Vitruuius
1121 2952 1159 3001 VI
1177 2949 1212 3013 7),
1230 2950 1338 2999 hortum
1356 2952 1415 2999 siue
1428 2950 1457 2998 in

333 3018 418 3082 plano
437 3018 519 3067 situm
538 3018 597 3068 siue
616 3018 725 3083 qualem
744 3034 794 3069 nos
812 3020 975 3069 ‘Terrasse’
995 3018 1121 3083 dicimus,
1141 3020 1188 3082 qui
1207 3019 1318 3067 adiacet
1337 3007 1457 3083 porticui

334 3083 514 3150 (peristylio),
534 3101 587 3150 qua
604 3087 726 3151 parietes
744 3087 830 3137 uillae
851 3089 1008 3152 cinguntur.
1045 3087 1088 3136 ef.
1102 3103 1127 3136 e.
1141 3103 1165 3135 c.
1183 3086 1290 3134 Plinius
1310 3102 1369 3150 epp.
1384 3086 1455 3134 1117

334 3157 417 3203 ‘ante
438 3155 669 3218 cryptoporticum
687 3162 782 3219 xystus
800 3155 882 3204 uiolis
905 3155 1055 3207 odoratus.’
1115 3155 1207 3203 XXIV
1224 3154 1406 3217 1701ῑί68416,χ
1426 3155 1458 3203 17

333 3221 433 3272 ‘Vola
446 3227 489 3270 est
501 3221 592 3270 media
604 3234 709 3272 manus.
727 3224 814 3273 Varro
827 3221 949 3273 -Idem
960 3224 1048 3272 Varro
1063 3219 1151 3288 Ταφῇ
1162 3219 1321 3272 Μενίππου
1334 3221 1437 3286 (tarif
1441 3237 1456 3271 e

333 3290 356 3338 L
370 3294 406 3341 m.
419 3304 460 3354 pr.
480 3292 593 3355 mippn
609 3290 676 3354 W).
691 3328 697 3340 .
712 3295 730 3339 .’
766 3291 946 3340 Proue'rbium
966 3291 1049 3339 etiam
1068 3290 1199 3355 Epitaph.
1218 3291 1258 3355 fg.
1275 3290 1304 3340 II
1321 3288 1434 3355 legitur.

335 3450 348 3498 1
373 3446 450 3502 iubet
465 3444 595 3519 Scotipcr
623 3448 700 3503 iuuet
721 3447 849 3502 BHLW
860 3437 874 3526 Η
930 3452 947 3499 2
969 3446 1053 3503 hahes
1075 3446 1205 3519 Scaliger
1226 3446 1307 3503 habet
1321 3447 1389 3503 libri
1409 3448 1456 3502 lra-

333 3530 401 3587 hent
415 3532 479 3586 edd.
501 3537 568 3587 cett.
584 3522 599 3610 Η
613 3531 759 3605 polubrum
780 3533 896 3603 Lipsius
917 3549 982 3587 aar.
1004 3533 1094 3589 lectt
1110 3538 1126 3585 4
1153 3532 1292 3606 plumbum
1313 3533 1381 3588 libri
1394 3523 1407 3610 Η
1423 3532 1455 3587 ad

334 3632 433 3689 aquam
448 3632 505 3671 rem
522 3616 548 3670 B
560 3634 618 3688 pro
631 3618 730 3689 priore
758 3618 791 3673 ad
807 3634 887 3689 quam
908 3634 964 3673 rem
979 3608 996 3696 Η
1007 3615 1129 3673 'Ortona
1144 3618 1244 3681 iambi.
1268 3617 1412 3673 Vatrenus
1425 3632 1454 3685 p.

334 3703 386 3755 162
401 3717 459 3756 που
474 3702 544 3758 bene
557 3703 679 3758 instituit
693 3693 706 3781 Η
750 3706 766 3755 4
788 3702 896 3775 publica
913 3710 994 3757 nocte
1010 3711 1037 3758 te
1054 3701 1248 3760 tabernasHL
1264 3698 1313 3776 (fp.
1331 3718 1383 3755 om.
1406 3698 1454 3771 W)

333 3785 443 3861 publica
458 3795 551 3842 nostra
573 3776 685 3843 taberna
706 3786 836 3859 Sccliper
864 3786 972 3861 publica
995 3788 1104 3861 porticu
1122 3786 1246 3841 tabernas
1262 3785 1456 3840 Schneiderus

333 3872 375 3926 ad
402 3870 561 3927 Vitruuium
598 3872 708 3945 publico
728 3882 808 3928 nocte
830 3872 955 3927 tabernas
978 3871 1149 3927 Gerlo'obias
1184 3869 1294 3944 publico
1316 3878 1378 3925 ente
1399 3869 1453 3925 tab.

340 3955 487 4013 Votienus
500 3960 548 4011 164
564 3947 577 4036 Η
613 3962 629 4011 5
644 3958 757 4032 perinde
773 3957 835 4013 edd.
860 3957 972 4031 proinde
988 3955 1043 4010 HL
1057 3948 1071 4035 Η
1113 3960 1131 4009 6
1152 3956 1291 4030 peristylis
1305 3955 1370 4010 edd.
1393 3971 1455 4027 per-

331 4042 405 4097 stilis
416 4040 470 4097 HL
479 4042 517 4097 W
528 4042 678 4116 peristyliis
692 4042 822 4115 Scatipcr
836 4033 851 4121 Η
866 4043 968 4115 criptas
980 4032 1106 4119 111er
1134 4046 1150 4094 7
1169 4048 1230 4097 ante
1246 4048 1340 4113 xystos
1350 4041 1458 4109 scripsi

330 4134 382 4184 aut
397 4128 493 4200 egistis
508 4127 607 4184 HLW
631 4137 678 4183 aut
693 4130 797 4202 cryptIs
817 4134 883 4183 ante
901 4125 991 4182 Mere.
1017 4133 1064 4181 aut
1084 4127 1200 4199 exystis
1217 4124 1347 4196 Scatr'per
1376 4131 1406 4179 ut
1426 4125 1455 4178 iu

330 4213 439 4286 cryptis
451 4214 642 4268 Forcettinius
664 4220 694 4269 ut
709 4214 737 4268 in
754 4215 839 4286 xystis
857 4211 1002 4267 Votienus
1015 4213 1064 4264 163
1078 4218 1108 4265 ut
1123 4213 1208 4284 xystis
1221 4210 1372 4280 Roeperur
1383 4209 1454 4281 phil.

328 4296 378 4352 XV
392 4299 443 4349 295
459 4299 509 4369 qui
522 4297 612 4354 trech.
628 4303 712 4369 sepit.
727 4299 791 4353 uult
806 4290 820 4377 Η
835 4296 957 4353 hahitare
973 4296 1102 4367 Scaliper
1116 4286 1131 4375 Η
1171 4298 1188 4347 9
1203 4297 1225 4350 si
1242 4294 1356 4356 uideret,
1372 4294 1455 4350 sctret

330 4382 365 4437 H
380 4399 416 4437 m.
428 4399 477 4453 pr.
497 4384 600 4439 Genea.
618 4384 709 4439 Bern.
726 4386 759 4437 83
774 4374 788 4462 Η
828 4386 860 4437 10
876 4383 965 4439 uolam
981 4381 1015 4436 Η
1026 4399 1061 4436 m.
1073 4399 1122 4453 pr.
1146 4380 1209 4437 uola
1225 4379 1259 4435 H
1271 4398 1305 4435 m.
1321 4396 1344 4436 s.
1360 4372 1453 4454 LWll

1188 4476 1253 4545 15*
1295 4483 1297 4485 ’
