3559 5709
699 730 825 785 capvt
848 730 858 785 l
1298 726 1339 789 47

221 913 284 976 que
307 890 394 954 forte
410 914 427 953 e
443 891 594 955 uersibus
619 891 841 975 fragmentum
863 893 1033 957 remansit.
1048 894 1071 979 ¹)
1091 931 1127 941 -
1150 893 1261 958 Verbo
1284 917 1340 979 po-

221 1002 379 1056 stremum
398 992 659 1057 commemorabo
676 992 853 1077 Mercklini
877 1004 1095 1059 commentum
1110 994 1166 1081 qui
1189 995 1339 1060 omnibus

221 1094 342 1157 saturis
372 1118 391 1159 a
422 1095 572 1160 Varrone
601 1095 684 1160 duos
714 1096 843 1177 titulos,
878 1118 1017 1182 quorum
1044 1096 1127 1161 alter
1154 1119 1235 1161 uoce
1265 1093 1341 1177 περὶ

220 1196 400 1282 inceperit,
424 1197 597 1283 impositos
621 1220 692 1262 esse
714 1220 797 1262 mus
814 1197 928 1284 philol.
945 1198 1015 1262 XII
1037 1222 1070 1284 p.
1087 1207 1148 1268 372
1164 1219 1234 1283 sqq.
1249 1220 1340 1263 mon·

221 1305 327 1361 strare
350 1319 526 1383 aggressus
551 1310 612 1382 est,
636 1321 737 1386 quare
758 1300 880 1385 partim
901 1300 1133 1386 inscriptiones
1156 1299 1264 1364 adhuc
1285 1323 1340 1365 ex·
1399 1324 1401 1329 ·

219 1409 329 1464 tantes
346 1400 394 1474 ita
408 1400 493 1465 inter
516 1423 550 1464 se
574 1401 723 1483 sociauit,
746 1410 783 1465 ut
804 1400 948 1466 euadant
963 1412 1093 1465 saturae
1109 1400 1340 1488 Sesqueulixes

220 1496 297 1583 περὶ
320 1500 493 1584 αἱρέσεων,
517 1501 709 1586 Sexagessis
733 1523 766 1565 a.
785 1501 962 1586 ἐξαγωγῆς,
985 1503 1100 1567 Nescis
1122 1504 1202 1589 quid
1222 1527 1341 1589 uesper

220 1626 315 1668 serus
335 1603 436 1669 uehat
452 1625 485 1667 π.
502 1598 705 1687 ἐδεσμάτων,
728 1606 849 1690 partim
871 1628 975 1670 nouas
997 1605 1224 1691 inscriptiones
1241 1606 1340 1670 animi

219 1728 322 1770 causa
343 1705 451 1787 finxit,
474 1715 511 1771 ut
534 1701 610 1787 περὶ
632 1700 741 1789 θήρας
762 1706 950 1791 Meleagris,
975 1727 1007 1770 π.
1030 1702 1166 1788 τρόπων
1187 1708 1339 1772 Bimarco

219 1808 330 1893 (cuius
353 1807 399 1893 fg.
423 1807 477 1872 ΙΙΙ
507 1809 603 1872 nimis
632 1810 718 1874 serio
740 1809 876 1891 utitur),
911 1829 943 1872 π.
974 1809 1211 1892 σπονδαρχιάν
1244 1809 1341 1897 Ταφῇ

218 1910 405 1974 Μενίππου
428 1911 540 1996 (quam
554 1909 669 1997 philol.
685 1910 774 1976 XIII
789 1935 821 1998 p.
839 1921 901 1982 724
919 1913 990 1998 ipse
1005 1912 1133 1997 reiecit)
1149 1912 1338 1999 adponeret.

218 2010 314 2076 Haec
335 2010 506 2076 Vahlenus
535 2035 568 2098 p.
593 2022 653 2084 198
677 2035 747 2099 sqq.
778 2013 1004 2099 copiosissime
1026 2013 1200 2096 refutauit,
1229 2037 1338 2101 quam·

218 2136 318 2201 quam
340 2114 471 2198 copiose
494 2113 625 2199 singula
647 2113 824 2179 refutando
847 2116 906 2178 uix
936 2138 1017 2200 opus
1047 2126 1134 2198 erat,
1168 2138 1241 2180 cum
1270 2126 1339 2181 tota

200 2221 270 2279 'res
294 2214 383 2279 nullo
396 2217 512 2302 'neque
534 2226 670 2281 externo
693 2215 851 2281 librorum
874 2218 1060 2281 testimonio
1084 2240 1188 2304 neque
1209 2219 1338 2282 interna

217 2315 452 2403 probabilitate
487 2318 599 2403 (quam
625 2340 665 2381 ne
688 2316 893 2383 Mercklinus
923 2317 1055 2405 quidem
1085 2318 1336 2405 demonstrauit)

216 2419 356 2500 nitatur,
392 2418 450 2483 sed
478 2418 702 2484 tantummodo
732 2441 791 2504 pro
820 2420 1048 2507 praeiudicata
1070 2421 1258 2506 opinatione
1279 2420 1335 2485 ha·

215 2519 328 2585 benda
350 2520 411 2603 sit,
435 2543 533 2607 quam
555 2521 584 2584 si
606 2522 847 2606 acciperemus,
871 2521 978 2586 Gellio
1001 2523 1130 2608 qu'oque
1152 2521 1336 2586 nomencla-

216 2623 283 2687 tori
298 2623 543 2687 accuratissimo
559 2661 602 2671 —
615 2632 652 2687 ut
667 2622 737 2708 ipse
753 2622 957 2687 Mercklinus
973 2622 995 2687 l.
1011 2648 1040 2690 c.
1055 2647 1088 2711 p.
1103 2634 1144 2693 44
1158 2624 1283 2688 iudicat
1294 2662 1336 2672 -

216 2724 300 2789 haec
322 2723 400 2789 fidei
422 2724 528 2808 gloria
550 2747 683 2811 prorsus
706 2736 929 2790 euanesceret.
1226 2728 1229 2732 ’

262 2889 265 2895 ,
302 2827 472 2890 Postremo
496 2826 719 2913 quaerendum
742 2838 793 2891 est
800 2875 808 2907 ,
839 2827 958 2912 quibus
980 2827 1182 2912 temporibus
1206 2837 1335 2892 saturas

215 2928 325 2993 Varro
355 2928 533 3014 scripserit.
588 2928 674 2991 Nam
702 2929 797 2994 breui
826 2927 935 3014 aliquo
970 2928 1125 3013 temporis
1161 2931 1267 3014 spatio
1295 2953 1335 2994 ne

215 3030 403 3095 Varronem
425 3030 558 3116 quidem
586 3021 646 3093 τὸν
671 3023 938 3113 βιβλιακάτατον
972 3028 1181 3114 (Plutarchus
1205 3029 1335 3095 Romuli

215 3155 246 3197 c.
262 3131 316 3217 12)
337 3130 440 3196 libros
464 3131 519 3196 CL
542 3131 775 3217 conscripsisse
797 3132 868 3196 ueri
891 3131 997 3195 simile
1019 3141 1080 3196 est.
1111 3131 1202 3195 Talis
1226 3141 1335 3197 autern

214 3233 348 3319 generis
370 3232 472 3299 libros
496 3233 609 3320 utique
631 3232 803 3319 probabile
827 3244 877 3299 est
900 3257 990 3316 eum,
1019 3232 1116 3297 simul
1139 3243 1238 3321 atque
1261 3256 1335 3299 con·

215 3336 360 3422 scripsit,
376 3334 488 3399 statim
504 3335 539 3398 in
554 3334 722 3421 publicum
738 3336 900 3418 emisisse3
923 3336 958 3398 id
973 3337 1062 3420 quod
1078 3336 1208 3400 disertis
1223 3336 1335 3400 uerbis

215 3437 258 3502 de
287 3430 484 3522 Τρικαράνῳ
507 3436 678 3522 Appianus
703 3436 743 3501 de
765 3435 841 3502 bell.
858 3437 921 3500 oin.
944 3438 980 3501 Π
1002 3446 1021 3507 9
1044 3436 1230 3521 significare
1245 3435 1335 3499 uide-

215 3549 285 3604 tur.
329 3537 440 3618 Quare
462 3537 673 3622 Krahnerus,
697 3539 752 3625 qui
777 3539 817 3601 de
839 3539 936 3602 Varr.
959 3536 1077 3622 philos.
1100 3561 1133 3623 p.
1158 3549 1208 3607 11.
1237 3537 1335 3603 Varr.

215 3640 316 3705 Curio
332 3663 363 3725 p.
384 3650 422 3711 18
446 3650 577 3704 saturas
600 3664 674 3705 eum
695 3662 761 3705 uno
785 3649 881 3725 partu
897 3639 1039 3704 edidisse
1055 3639 1202 3721 coniecit,
1226 3661 1335 3703 errare

214 3740 383 3829 putandus
399 3750 458 3806 est.
493 3742 732 3807 Testimonium
755 3742 888 3828 quidem
902 3741 1066 3827 ¹temporis
1089 3742 1221 3805 unicum
1244 3751 1336 3805 extat

214 3843 258 3908 de
285 3840 501 3930 Τρικαράνῳ,
525 3845 581 3929 qui
604 3868 633 3908 a.
656 3869 688 3908 u.
712 3867 740 3909 c.
763 3854 825 3915 694
846 3843 900 3908 uel
919 3843 1034 3908 *statim
1055 3852 1171 3930 postea
1193 3843 1334 3928 scriptus

214 3955 278 4027 est,
302 3945 344 4009 cf.
360 3946 533 4031 Appianas
550 3945 570 4009 l.
588 3968 631 4010 c.:
657 3969 731 4010 nam
754 3968 838 4032 quae
861 3944 1021 4010 Oehlerus
1043 3969 1076 4031 p.
1093 3953 1133 4014 46
1150 3966 1219 4031 sqq.
1243 3967 1334 4029 prae-

213 4056 306 4112 terea
336 4048 558 4133 excogitauit,
593 4070 700 4133 nugae
730 4057 822 4129 sunt,
851 4047 929 4111 licet
951 4046 994 4111 G.
1016 4046 1161 4111 Boissier
1188 4047 1223 4108 in
1249 4045 1333 4109 libro

212 4147 358 4234 eleganti
379 4150 484 4233 magis
508 4172 605 4236 quam
628 4148 806 4230 elaborat0,
832 4172 928 4234 quem
950 4148 1118 4212 academia
1139 4146 1333 4210 Parisiensis

212 4272 243 4315 a.
269 4258 353 4321 1859
375 4252 481 4336 pretio
504 4251 650 4333 donauit,
674 4252 727 4315 cui
749 4250 920 4335 inscripsit
943 4224 1070 4313 ‘ldtude
1093 4270 1148 4312 sur
1171 4245 1203 4311 la
1225 4248 1279 4312 vie
1301 4258 1335 4311 et

301 4506 326 4572 1)
346 4508 429 4558 Hunc
448 4507 546 4558 librum
568 4509 683 4559 eundem
697 4524 757 4559 esse
772 4513 854 4574 atque
873 4498 1129 4558 Κννοδιάδσκαλον
1148 4500 1274 4569 (arum)
1293 4506 1333 4554 in·

186 4593 377 4644 .felicissime
398 4585 557 4644 Krahnerus
575 4594 645 4645 diar.
665 4595 751 4659 antiq.
770 4595 824 4643 litt.
845 4595 910 4644 1852
930 4609 956 4657 p.
975 4593 1025 4642 394
1046 4592 1186 4643 coniecit:
1206 4591 1333 4641 Saturam

210 4693 273 4729 esse
291 4678 471 4730 Vollbehrius
491 4693 597 4743 quoque
615 4680 725 4744 putauit
744 4679 813 4729 ibid.
834 4680 900 4729 1847
918 4694 944 4743 p.
963 4679 1020 4727 521.
