3559 5709
723 717 851 775 01111
880 717 903 775 11
1331 712 1373 782 61

251 874 452 945 adiectiuum
474 876 546 946 loco
569 876 707 946 aduerbi
729 882 818 947 ‘cito'
840 882 967 968 poesim
988 883 1109 967 ubique
1131 882 1305 967 significat,
1329 883 1373 948 cf.

251 982 355 1068 Cyon.
378 983 407 1047 Ι.
434 980 544 1047 Parm.
566 983 612 1047 II.
645 981 813 1068 Vergilius
842 984 977 1069 passim.
1008 981 1102 1048 Solus
1132 984 1268 1049 Tacitus
1296 1007 1372 1049 ann.

250 1082 323 1147 XII
340 1090 386 1152 ,12
409 1084 447 1146 in·
464 1105 564 1169 prosa
592 1083 662 1148 ‘citi
684 1084 919 1149 aduenissent’.
943 1123 986 1133 —-
1007 1084 1138 1149 Andab.
1161 1084 1208 1150 V:
1237 1091 1372 1168 ε100001,

249 1184 390 1250 uerbum
411 1184 519 1270 poesis
548 1185 717 1271 proprium
746 1196 779 1249 et
800 1186 993 1271 posterioris
1021 1186 1184 1272 pedestris
1214 1187 1371 1252 sermonis
1403 1246 1407 1254 .

250 1285 337 1350 aeui.
360 1285 445 1349 Bim.
458 1286 507 1349 X:
532 1290 668 1350 ‘chortis’
692 1287 809 1352 turbae
831 1286 885 1351 uel
907 1286 1128 1351 multitudinis
1150 1287 1372 1373 cuiuscunque

248 1386 383 1466 notione
404 1387 549 1473 positum
571 1386 606 1449 in
627 1387 774 1472 pedestri
797 1410 945 1454 sermone
969 1411 1041 1453 sero
1063 1398 1190 1454 tantum
1212 1388 1370 1472 occurrit,

250 1509 328 1552 nam
347 1488 433 1551 Bim.
455 1487 506 1552 VI
536 1486 575 1553 de
610 1488 691 1573 ipsis
720 1487 860 1554 militum
893 1489 1083 1555 cohortibus
1116 1488 1372 1574 intellegendum

248 1587 393 1654 uidetur.
437 1588 577 1654 Accedit
600 1595 840 1672 ‘damietarum',
863 1579 1017 1657 Plautino
1041 1590 1189 1677 exemplo
1214 1590 1313 1674 (Rud.
1336 1589 1371 1653 Π

249 1697 287 1771 2,
312 1690 345 1775 5)
373 1686 549 1776 poeticum.
576 1730 619 1742 -
646 1691 727 1757 ibid.
756 1691 859 1757 XIII:
896 1698 1069 1758 ‘tremescit’
1104 1714 1124 1755 a
1152 1691 1229 1757 solis
1264 1690 1370 1775 poetis

250 1788 434 1857 adhibetur.
463 1828 505 1841 —
535 1791 615 1858 ibid.
644 1793 761 1857 XVII:
802 1800 1002 1873 ‘anticzpore'
1041 1793 1192 1860 absolute
1227 1792 1372 1880 positum

248 1890 426 1958 Lucretius
448 1893 549 1958 habet
571 1895 602 1959 V
624 1902 702 1977 6593
730 1897 810 1959 item
831 1895 920 1981 quod
942 1896 1089 1981 sequitur
1112 1901 1229 1959 ‘addite
1250 1900 1370 1959 calcar'

249 1994 415 2078 poeticum
437 2004 498 2076 est,
522 1994 565 2058 cf.
581 1992 737 2060 Horatius
760 1996 845 2082 Epp.
861 1997 897 2060 II
914 2006 943 2077 1,
961 2004 1023 2066 217
1047 1995 1200 2082 (utroque
1223 2015 1371 2059 sermone

248 2101 358 2159 calcar
379 2100 542 2159 admouere
564 2095 700 2177 dicitur,
724 2096 766 2160 cf.
790 2098 881 2183 Sesq.
904 2097 983 2161 VII.
1006 2096 1122 2162 Cicero
1145 2119 1219 2183 epp.
1235 2097 1278 2163 ad
1299 2097 1369 2162 Au.

248 2196 299 2261 VI
322 2205 352 2277 1,
376 2196 426 2281 5);
455 2219 531 2259 nam
553 2196 675 2263 Plinios
705 2199 761 2284 qui
789 2198 870 2263 haec
898 2198 1045 2284 pedestri
1073 2220 1201 2284 quoque
1228 2198 1371 2264 sermoni
1414 2190 1418 2197 ’

248 2296 443 2379 immiscent,
466 2306 599 2384 propter
620 2321 775 2384 magnum
796 2300 1000 2386 poeticarum
1022 2298 1202 2364 dictionum
1216 2321 1370 2380 amorem,

249 2398 306 2483 qui
327 2396 458 2463 illorum
480 2421 561 2463 aeuo
584 2400 736 2485 uigebat,
764 2400 811 2464 nil
838 2401 873 2464 in
895 2401 1013 2465 haere
1043 2399 1153 2464 ualere
1176 2422 1276 2485 supra
1299 2399 1370 2485 dixi

250 2498 308 2583 (cf.
323 2499 367 2564 H.
389 2500 429 2564 N.
454 2501 489 2565 II
513 2508 584 2570 122.
607 2502 694 2587 Epp.
717 2503 795 2587 18).
818 2540 861 2549 -
882 2500 964 2567 ibid.
987 2500 1123 2565 XVIII:
1154 2506 1313 2581 ‘propere’
1338 2509 1371 2565 et

248 2604 433 2688 ‘properus'
456 2602 560 2667 uerba
588 2611 664 2666 sunt
692 2603 826 2689 antiquo
855 2603 988 2689 quidem
1017 2611 1163 2688 tempore
1185 2623 1273 2666 mere
1294 2625 1370 2689 poe·

247 2702 325 2766 tica.
352 2740 387 2749 -
413 2703 510 2788 Capr.
534 2703 637 2789 procl.
654 2704 705 2768 II:
731 2710 933 2770 ‘mortalibus’
956 2726 1016 2789 pro
1037 2703 1223 2770 hominibus
1246 2704 1370 2768 dictum

248 2803 339 2890 quod
366 2805 396 2870 si
418 2805 549 2891 quidem
577 2825 650 2869 cum
673 2806 858 2890 uocabulis,
883 2828 967 2892 quae
995 2814 1072 2870 sunt
1099 2803 1218 2885 ‘multi,
1247 2806 1368 2870 cuncti'

248 2904 444 2991 similiaque,
467 2906 628 2990 iungitur,
658 2930 677 2970 a
699 2898 846 2993 pedestri
873 2907 1020 2972 oratione
1048 2928 1114 2970 non
1141 2904 1297 2971 abhorret
1325 2906 1369 2970 cf.

249 3004 378 3072 Gellius
391 3006 490 3071 XIII
506 3016 555 3089 29,
579 3008 638 3072 sed
660 3008 730 3072 sine
753 3007 813 3073 tali
835 3007 1056 3076 additamento
1079 3029 1213 3070 uersum
1233 3005 1368 3078 indicat.

247 3106 364 3193 Neque
385 3107 491 3173 Varro
513 3109 578 3173 nisi
599 3108 679 3175 locis
702 3109 867 3191 adhibuit,
891 3108 949 3195 qui
970 3104 1051 3173 alias
1080 3129 1207 3194 quoque
1229 3108 1271 3173 ob
1294 3130 1368 3172 cau-

248 3230 304 3273 sas
327 3209 478 3275 uersibus
503 3208 742 3275 adnumerandi
765 3219 855 3278 sunt:
880 3210 928 3274 ita
948 3209 1003 3274 hic
1025 3208 1281 3294 locuscopiosis
1303 3207 1367 3272 illis

249 3318 438 3391 ’,0101010000
467 3320 638 3377 communia
665 3318 794 3376 babere’
823 3311 916 3396 poesi
942 3311 1114 3391 tribuitur,
1143 3333 1176 3373 u.
1198 3310 1296 3375 infra.
1325 3347 1368 3356 —

249 3410 353 3498 Gyen.
376 3412 407 3475 I:
432 3418 616 3497 ‘properans
637 3421 726 3479 citus'
749 3437 781 3477 u.
806 3414 850 3477 ad
871 3412 995 3497 Agath.
1018 3410 1115 3475 VIII.
1137 3448 1180 3457 —
1201 3409 1369 3475 Desult.I

249 3511 308 3597 (cf.
331 3536 364 3599 p.
387 3514 456 3601 61):
487 3519 632 3592 ‘feruere'
657 3516 686 3579 si
711 3515 799 3580 idem
827 3512 988 3599 estquod
1017 3511 1186 3575 ‘refertum
1208 3519 1292 3575 esse'
1315 3511 1369 3576 uel

249 3612 302 3698 (ut
324 3614 443 3699 Sexag.
466 3614 533 3703 IX)
564 3616 611 3679 ‘in
632 3615 734 3680 multo
761 3639 825 3680 usu
847 3619 930 3679 esse'
954 3636 974 3678 a
996 3636 1095 3700 prosa
1122 3613 1269 3678 oratione
1292 3612 1368 3677 alie-

248 3738 337 3780 num.
354 3754 396 3763 -
410 3717 580 3782 Poeticum
596 3726 647 3782 est
668 3725 835 3797 ‘fluentum’
857 3714 938 3782 ibid.
956 3714 1002 3778 II.
1013 3752 1056 3761 -
1071 3704 1179 3778 Ἐκατ.
1194 3714 1245 3777 II:
1270 3720 1368 3778 ‘arma

247 3824 629 3898 marqariticaadicuntiu'
651 3828 800 3883 uetustae
822 3839 958 3904 poeseos
974 3817 1041 3882 ritu
1056 3815 1212 3881 effictum.
1232 3853 1268 3861 -
1285 3815 1367 3880 ibid.

170 3914 173 3921 ’
247 3919 319 3983 III:
344 3926 484 3985 ‘laceret’
507 3916 567 4006 pro
590 3920 753 4005 tingeret,
776 3924 1020 4005 conspergeret'
1045 3918 1176 3982 omnino
1191 3917 1367 4002 poeticum.

247 4058 293 4070 -
309 4020 466 4107 'Epitaph
490 4022 521 4085 I:
548 4030 651 4087 ‘intus'
674 4044 733 4108 pro
757 4031 822 4086 ‘ex
843 4020 1000 4085 interiore
1027 4024 1133 4105 parte’
1155 4018 1209 4082 hic
1231 4026 1263 4081 01
1285 4016 1366 4082 Cras

248 4144 295 4189 cr.
311 4123 347 4186 ΙΙ
369 4122 523 4188 Plautina
544 4123 698 4190 libertate
721 4123 822 4204 dixit,
852 4122 909 4207 qui
930 4122 1011 4186 item
1039 4120 1139 4184 ‘intus
1168 4118 1269 4185 foras'
1293 4139 1366 4183 con·

247 4223 359 4289 iunxit
379 4224 500 4311 Amph.
523 4226 614 4306 112,
647 4234 717 4296 138.
745 4224 866 4288 Bacch.
889 4225 907 4288 I
932 4234 967 4305 1,
991 4232 1042 4291 62.
1074 4221 1128 4285 Sic
1151 4220 1250 4286 etiam
1273 4224 1366 4283 ‘euul-

202 4368 204 4371 -
246 4332 403 4391 10000000
427 4335 555 4411 praeter
582 4326 683 4391 Titin.
711 4349 743 4391 u.
767 4338 806 4397 77
831 4326 985 4409 ignotum
1012 4333 1073 4388 ost.
1102 4356 1145 4370 —n
1171 4322 1311 4385 Eumen.
1333 4320 1365 4384 I:

248 4434 470 4507 ‘caperratum’
494 4427 690 4493 uocabulum
716 4427 879 4514 poeticum
902 4448 974 4489 esse
1003 4425 1073 4510 ipse
1095 4422 1202 4487 Varro
1225 4420 1266 4486 de
1287 4421 1366 4506 ling.-

244 4527 305 4593 lat.
321 4529 390 4594 VII
412 4537 472 4598 107
497 4530 618 4615 apertis
643 4528 752 4593 uerbis
767 4524 950 4612 significat.
975 4564 1009 4572 —
1035 4524 1118 4589 ibid.
1141 4523 1192 4588 II:
1218 4530 1365 4588 ‘lurcare'

245 4638 281 4695 et
304 4635 415 4696 ‘lurco'
440 4631 636 4697 comicorum
659 4640 736 4694 sunt
763 4638 797 4694 01
817 4626 952 4710 Lu0i1i13
981 4626 1107 4690 unicus·
1126 4648 1255 4711 quoque
1276 4624 1365 4690 locus

300 4732 390 4781 Riese,
407 4731 511 4773 Varronis
526 4731 618 4773 Satirac.
1143 4738 1162 4796 5
