3559 5709
410 695 470 757 194
774 699 808 755 ll.
831 697 973 755 tuntum
995 697 1155 755 VARRONIS

551 846 615 923 Ὡν
638 853 700 924 οὐκ
723 852 869 942 ἀπαρκεῖ
887 856 1075 944 πλησμονή,
1099 859 1212 945 τρυφῇ
1234 856 1274 923 δέ
1292 882 1347 924 τοι

549 955 682 1026 ’litteo
703 959 848 1025 ἐδεστῶν
869 952 1019 1044 μηχανὰς
1040 957 1250 1043 θηρώμεθα.’

906 1082 943 1146 ΙΙ
967 1082 1014 1164 (2)

459 1182 617 1249 .Gellius
641 1182 704 1246 XV
730 1193 781 1264 19,
807 1192 822 1251 1
847 1205 895 1268 sq.
941 1181 1033 1245 ‘Non
1061 1182 1251 1267 paucissimi
1285 1191 1365 1246 sunt
1393 1183 1532 1268 inques
1621 1247 1623 1258 ,

406 1294 517 1371 potest
546 1285 721 1349 conuenire
748 1284 783 1348 id
812 1284 901 1370 quod
928 1283 973 1347 M.
997 1283 1106 1349 Varro
1135 1282 1216 1347 dicit
1244 1283 1279 1346 in
1308 1294 1425 1348 satura
1448 1306 1531 1370 quae
1621 1267 1623 1288 ⁴

372 1386 600 1462 ninseribitur
622 1382 698 1467 περὶ
721 1384 923 1468 ἐδεσμάτων.
967 1392 997 1453 2.
1020 1384 1133 1450 Verba
1146 1384 1228 1448 haec
1247 1394 1340 1448 stmt:
1365 1384 1415 1466 Si,
1432 1408 1530 1472 quan-

410 1496 480 1551 tum
503 1510 620 1574 operae
643 1489 823 1573 sumpsisti,
846 1497 883 1552 ut
906 1496 980 1551 tuus
996 1486 1100 1571 pistor
1120 1485 1244 1551 bonum
1258 1486 1384 1551 faceret
1399 1510 1528 1573 panem,

405 1590 475 1653 cius
498 1590 724 1654 duodecimam
746 1587 971 1675 philosophiae
995 1587 1155 1670 dedisses,
1176 1588 1246 1674 ipse
1267 1588 1374 1654 bonus
1399 1589 1529 1675 iampri-

406 1689 480 1754 dem
509 1714 597 1756 csscs
625 1692 745 1757 factus.
794 1690 890 1755 Nune
917 1689 1010 1754 illum
1039 1690 1095 1776 qui
1121 1698 1242 1754 norunt
1268 1688 1387 1755 uolunt
1424 1712 1529 1754 emere

405 1791 537 1857 milibus
560 1803 703 1875 eentum,
720 1802 753 1857 te
776 1793 831 1878 qui
853 1791 949 1857 nouit
970 1813 1064 1856 nemo
1085 1791 1272 1856 centussis'

357 2029 396 2088 10
491 2013 628 2099 Apicius
652 2014 691 2078 de
714 2022 783 2077 arte
807 2012 998 2097 coquinaria
1020 2011 1115 2080 1112
1154 2010 1331 2077 ‘Betaeeos
1354 2013 1527 2080 Varronis.

405 2115 531 2179 Varro:
570 2115 728 2179 Betaceos
752 2113 809 2177 sed
832 2113 959 2197 nigros,
993 2135 1132 2199 quorum
1159 2113 1308 2178 detersas
1338 2115 1471 2180 radices
1499 2126 1528 2180 ct

405 2215 510 2281 mulso
535 2217 685 2281 decoctas
710 2237 783 2280 cum
806 2214 874 2278 sale
897 2213 1023 2278 modico
1047 2223 1080 2277 et
1102 2214 1185 2298 elec,
1207 2215 1260 2279 uel
1283 2214 1364 2296 sale,
1390 2238 1477 2303 aqua
1498 2227 1528 2281 et

405 2316 475 2380 oleo
498 2318 531 2380 in
554 2342 588 2382 sc
611 2340 749 2404 coques,
779 2315 942 2380 iuseulum
963 2316 1066 2379 facies
1090 2325 1123 2380 et
1143 2316 1290 2403 potabis3
1315 2316 1436 2383 melius
1459 2319 1526 2398 erit,

405 2419 433 2482 si
454 2419 488 2482 in
511 2442 548 2484 eo
571 2419 678 2506 pullus
703 2419 746 2483 sit
767 2419 947 2482 decoetus'

917 2535 1008 2616 th

357 2657 395 2716 15
490 2638 628 2723 Apicius
651 2638 720 2702 VII
744 2647 783 2706 12
820 2640 958 2704 ‘Varrox
990 2638 1025 2703 Si
1058 2638 1137 2724 quid
1171 2639 1212 2703 de
1243 2638 1353 2707 bulbis
1391 2640 1464 2706 dixi
1495 2643 1526 2705 in

406 2761 538 2825 aquam,
567 2740 623 2825 qui
649 2739 789 2803 Veneris
818 2741 939 2806 ostium
966 2749 1142 2825 quaerunt,
1170 2740 1287 2806 deinde
1316 2742 1349 2805 in
1373 2741 1524 2828 legitimis

403 2841 525 2927 nuptiis
553 2841 585 2904 in
614 2863 694 2904 cena
715 2852 901 2927 ponuntur,
930 2840 990 2905 sed
1017 2849 1050 2905 et
1078 2864 1153 2905 cum
1180 2843 1305 2907 nucleis
1336 2845 1447 2928 pineis
1474 2854 1525 2909 aut

405 2965 477 3007 cum
501 2964 617 3007 erucae
639 2965 734 3007 succo
757 2953 815 3007 aut
837 2944 973 3028 pipere?

772 3087 876 3155 nnn
905 3083 1137 3162 aeorum(

915 3200 932 3263 Ι
955 3197 1004 3285 (1)

490 3299 627 3380 Quaerit
648 3299 771 3364 ibidem
793 3301 836 3366 ab
859 3299 1063 3383 Hannibale,
1087 3323 1146 3396 cus
1166 3300 1289 3367 biberit
1310 3301 1523 3381 medieamen

404 3473 454 3521 884
472 3473 591 3531 Nauck.)
617 3474 773 3524 eVarrone
792 3477 916 3538 sumptos
939 3490 956 3523 a
976 3473 1067 3524 Gellio
1091 3478 1166 3540 puto.
1241 3474 1285 3525 111
1303 3475 1391 3527 et1v
1415 3475 1522 3526 Humel·

404 3540 624 3657 Rppgirpspeirpmpd.
636 3541 721 3617 Apio,
735 3558 761 3593 a.
776 3543 841 3592 1542
860 3544 889 3591 et
906 3541 1073 3592 Ritschclius
1091 3543 1124 3591 de
1144 3543 1222 3592 Verr.
1236 3542 1347 3609 discipl.
1361 3543 1443 3596 libris
1454 3561 1480 3611 p.
1493 3545 1522 3593 st

471 3675 562 3724 ΠΕΡΙ
581 3669 789 3731 statuerim
824 3668 972 3743 Ἐξαγωγή
995 3682 1037 3728 est
1058 3694 1148 3740 mors3
1167 3683 1264 3729 satura
1288 3686 1350 3729 erat
1374 3680 1410 3730 de
1432 3679 1523 3731 uolun-

404 3743 477 3790 taria
496 3749 581 3791 morte
606 3760 623 3791 a
646 3746 742 3794 stoicis
761 3746 903 3810 permissa.
942 3747 1055 3810 Itaque,
1075 3750 1105 3795 ut
1123 3752 1199 3797 recte
1217 3745 1437 3811 Mcreerus.(ed.
1456 3749 1520 3798 Non.

403 3826 430 3874 p.
450 3810 509 3873 745)
529 3811 665 3875 disputat,
689 3812 722 3861 de
745 3818 831 3863 morte
851 3830 932 3879 quam
956 3814 1092 3864 ‘uictine
1115 3813 1269 3864 uictoribus
1291 3814 1416 3867 ludibrio
1434 3819 1522 3866 essent

402 3989 418 4037 5
447 3980 603 4057 sdsoputov
629 3986 732 4041 Peleu.
756 3979 770 4064 ll
818 3990 834 4038 o
863 4004 945 4061 opem
972 3988 1039 4043 libri
1060 3989 1193 4060 plerique
1216 3979 1276 4067 luit
1303 3997 1367 4046 tuus
1394 3990 1466 4062 Beq.
1488 4006 1520 4044 m.

400 4087 447 4139 pr.
469 4061 483 4148 Η
504 4078 597 4142 paster
626 4072 703 4126 Voss
730 4073 796 4126 mai.
822 4067 834 4149 ll
884 4076 901 4125 8
929 4070 963 4123 ce
993 4073 1080 4129 laetus
1108 4063 1207 4152 ideml
1236 4081 1348 4130 morunt
1376 4075 1479 4132 Peleu.
1509 4067 1520 4152 ll

404 4196 434 4209 ..
457 4156 541 4210 lmese
574 4156 651 4211 Vosa
679 4158 747 4211 min.
769 4148 783 4235 Η
800 4164 826 4212 te
852 4158 899 4229 qni
927 4166 1028 4212 norunt
1055 4158 1156 4213 Petau.
1179 4149 1194 4237 [Ι
1256 4160 1273 4212 9
1296 4163 1434 4217 centussis
1456 4160 1520 4233 Περ.

401 4281 511 4328 eentum
532 4276 570 4330 sis
593 4273 669 4330 Voss.
685 4277 750 4330 inei.
776 4275 886 4330 Timon.
930 4243 1047 4331 centussis
1070 4276 1147 4332 Voss.
1162 4280 1229 4332 min.
1266 4280 1405 4336 centussit
1425 4279 1521 4335 Peleu

403 4361 550 4415 centus-sis
567 4359 717 4431 Saizperm.
733 4352 747 4439 ΙΙ
802 4363 833 4413 12
849 4358 938 4416 mulso
961 4360 1117 4417 Vaticanus
1140 4361 1263 4418 Vrbines
1276 4363 1306 4418 in
1322 4364 1368 4419 ed.
1386 4366 1450 4418 1191
1469 4365 1523 4421 eoi-

392 4445 479 4496 'Iutus
493 4436 506 4522 ll
567 4448 597 4498 13
621 4447 645 4499 in
668 4464 697 4498 se
719 4453 796 4500 cocta
819 4446 953 4501 tusculum
982 4447 1069 4502 lacere
1094 4454 1122 4502 et
1142 4448 1232 4519 potari
1256 4447 1355 4504 melius
1378 4457 1422 4505 est
1445 4451 1522 4506 etiam

403 4528 425 4580 si
455 4520 545 4608 Voti}
606 4532 636 4581 11
656 4531 785 4587 decoetus
805 4532 841 4585 sit
864 4522 914 4610 Vll
974 4535 1004 4585 15
1026 4531 1117 4587 buluis
1140 4524 1190 4611 Vll
1248 4534 1280 4585 17
1302 4542 1446 4607 ponantur
1473 4529 1522 4606 Vll
1569 4567 1571 4574 ·

403 4613 434 4665 18
456 4630 566 4668 sneenm
590 4614 619 4668 V.
656 4615 735 4681 Quae
751 4619 861 4686 recepi,
886 4616 1105 4688 Humelberpius
1125 4619 1153 4671 in
1175 4618 1218 4673 ed.
1235 4635 1262 4672 α.
1280 4620 1348 4671 1542
1370 4622 1494 4676 coniecit
1510 4613 1522 4694 ll
