3559 5709
688 748 915 813 ,Parnassio
1045 709 1053 717 ⁵
1334 743 1372 796 xr

253 927 350 972 nosse
372 882 757 992 impossibile’,‘¹quacum
779 902 928 968 conferas
950 902 1109 968 Varronis
1132 882 1373 968 dere-rustica

254 1025 359 1106 111,3
382 1027 488 1088 ‘nemo
511 1024 620 1089 omnia
640 1030 748 1109 potest
770 1022 875 1086 scire’.
916 1020 973 1085 Sin
987 1005 1066 1084 uero
1082 1021 1188 1086 Varro
1210 1023 1281 1106 ipse
1296 1042 1372 1086 suas

253 1144 288 1209 in
317 1144 368 1208 his
392 1142 560 1207 sententiis
589 1149 698 1228 partes
727 1139 840 1220 habet,
869 1160 934 1204 non
957 1138 1069 1204 dubito
1098 1141 1175 1225 quin
1197 1138 1372 1205 nonnullae

254 1284 367 1327 earum
383 1284 400 1326 e
417 1262 535 1326 saturis
560 1257 838 1347 (quarepaucula
856 1279 1011 1351 uersuum
1033 1259 1174 1342 uestigia
1196 1257 1372 1343 deprehen-

254 1381 377 1467 dimus)
394 1382 516 1466 petitae
539 1380 620 1460 sint,
645 1398 727 1465 quae
743 1378 940 1442 sententiose
963 1376 1050 1442 dicta
1070 1378 1280 1442 continebant
1301 1399 1371 1463 per-

253 1499 371 1581 multa,
401 1498 444 1564 cf.
467 1522 495 1563 e.
518 1522 546 1564 c.
576 1498 713 1581 Aborig.
743 1495 807 1581 ΙΙΙ.
838 1495 969 1580 Agatho
998 1492 1061 1561 ΙΙΙ.
1078 1490 1133 1560 ‘de
1161 1495 1215 1560 off.
1244 1517 1324 1562 mar.
1355 1493 1373 1559 I

253 1618 392 1702 Eumen
417 1617 470 1682 XI
492 1616 566 1682 alia.
611 1616 784 1696 Querens
807 1613 908 1690 ullam
930 1636 999 1680 rem
1021 1615 1202 1680 omitterem
1224 1636 1307 1700 quae
1330 1615 1373 1679 ad

254 1744 440 1801 saturarum
462 1736 681 1820 cognitionem
704 1732 778 1814 usui
801 1754 875 1799 esse
896 1742 1025 1826 posset,
1054 1735 1114 1799 has
1145 1755 1274 1820 quoque
1302 1755 1373 1799 sen·
1450 1732 1452 1737 ’

254 1856 374 1920 tentiae
401 1856 546 1941 integras
575 1855 666 1945 (nam
688 1854 848 1939 genuinas
871 1850 992 1937 eligere
1013 1875 1079 1918 non
1107 1853 1294 1939 possumus)
1318 1853 1372 1918 ad·

252 1976 365 2059 posui3
389 1973 569 2060 dequibus
593 1974 649 2058 qui
671 1971 799 2057 plenius
822 1971 951 2036 edoceri
966 1971 1067 2054 uolet,
1092 1970 1285 2058 Chappuisii
1306 1971 1372 2037 edi·

254 2095 378 2159 tionem
400 2093 534 2158 Parisiis
558 2113 586 2156 a.
613 2098 694 2161 1856
718 2092 870 2155 emissam
892 2089 997 2155 adeat.

320 2210 477 2298 Superest
499 2218 536 2274 ut
555 2208 711 2290 indicem,
736 2210 876 2294 quaein
898 2208 982 2276 libro
1005 2208 1093 2296 foras
1115 2210 1182 2275 iam
1203 2210 1372 2297 prodituro

253 2330 448 2415 corrigenda
470 2329 663 2394 addendaue
684 2328 875 2392 inuenerim.

317 2492 348 2550 p.
367 2473 395 2529 1.
419 2472 575 2531 ‘Plurimos
589 2469 689 2529 libros’
706 2470 854 2529 Varronis
870 2463 1065 2530 Mereklinus‘
1075 2490 1152 2530 mus.
1168 2470 1275 2551 philol.
1291 2469 1374 2533 XIX

254 2594 285 2652 p.
311 2575 350 2631 17
373 2582 492 2634 saturas
516 2572 598 2633 solas
621 2571 785 2650 intellegit.

319 2696 350 2754 p.
367 2675 387 2732 4
403 2694 471 2755 sqq.
495 2674 645 2753 Reliquos
661 2683 833 2734 saturarum
848 2674 1013 2751 scriptores
1031 2695 1265 2736 commemorare
1285 2677 1373 2755 potui

252 2776 408 2837 Naeuium
432 2772 484 2853 (cf.
500 2776 614 2836 Festus
638 2796 668 2855 p.
693 2776 752 2835 257
771 2795 789 2834 a
805 2776 963 2835 ‘Naeuius
985 2808 1023 2819 ·-
1039 2778 1071 2835 in
1094 2785 1214 2857 satyra:
1228 2779 1374 2853 'quianam

254 2860 422 2951 Saturnium
432 2868 570 2953 populum
577 2875 754 2953 pepulisti'),
766 2874 1004 2953 Pacuuium·(cf.
1014 2878 1182 2944 Diomedes
1192 2899 1224 2957 p.
1232 2879 1293 2938 486
1306 2877 1371 2956 Κ),

252 2979 359 3040 Attam
382 2978 435 3057 (ef.
451 2978 589 3040 Isidorus
612 2982 686 3059 orig.
702 2979 749 3039 VI
765 2980 783 3037 9
800 2978 888 3038 ‘Atta
909 2979 941 3036 in
957 2987 1063 3058 satyra
1078 2979 1198 3040 dicens:
1223 2989 1373 3040 certamus

253 3099 398 3141 numerem
412 3084 448 3141 In
471 3099 583 3152 rernm,
608 3102 647 3139 an
670 3099 807 3141 mucrone
830 3074 1096 3156 umquam‘aremus
1111 3080 1260 3159 osseo?’),
1284 3082 1372 3143 Pom-

252 3184 382 3262 ponium
404 3179 460 3263 (cf.
483 3183 661 3243 Priscianus
683 3184 729 3243 VI
752 3183 769 3240 2
794 3182 1002 3262 ‘Pomponius
1030 3184 1063 3243 in
1094 3193 1214 3244 satura:
1245 3191 1374 3244 cuiusuis

251 3290 362 3359 leporis
389 3286 475 3370 Liber
502 3265 662 3344 diademam
689 3285 794 3343 dedit'.
838 3284 879 3343 ib.
901 3286 948 3345 VI
970 3287 1009 3345 18
1024 3286 1163 3365 ss‘Pomp.
1192 3287 1225 3345 in
1255 3294 1372 3348 satura:

253 3390 359 3445 blanda
380 3389 482 3461 fallax
498 3390 625 3461 superbo
641 3392 781 3462 impotens
799 3390 977 3446 discordir'.-
997 3388 1119 3447 Nonius
1137 3389 1211 3461 112,
1229 3392 1249 3452 4
1272 3388 1374 3448 ‘Pom-

252 3490 366 3567 ponius
389 3520 428 3535 -
452 3496 623 3549 saturarum
648 3484 705 3568 [ῆι
734 3508 790 3548 non
811 3490 984 3561 frustilatim
1006 3506 1061 3546 nec
1083 3494 1241 3548 minutatim
1263 3487 1371 3566 dari'),

185 3597 191 3601 ’
253 3589 415 3649 Albutium
442 3590 546 3651 ‘cuius
575 3590 737 3651 Luciliano
766 3590 943 3650 charactere
971 3599 1043 3650 sunt
1071 3590 1186 3651 libelli’
1210 3589 1321 3669 (Varro
1339 3613 1372 3652 .r.

254 3712 276 3750 r.
300 3691 352 3749 III
375 3691 408 3764 2,
434 3688 498 3769 17).

287 3812 347 3875 .P·
372 3795 401 3851 7.
430 3786 620 3854 Mercklinus
649 3794 669 3852 l.
698 3815 730 3853 c.
754 3794 983 3873 Quintilianum
1010 3787 1150 3856 sensisse*
1174 3804 1263 3874 putat
1291 3799 1372 3857 ‘non

252 3894 319 3954 sola
341 3895 524 3969 carminum,
549 3894 605 3955 sed
621 3897 713 3955 etiam
729 3914 831 3956 rerum
846 3898 1032 3973 uarietate'3
1055 3916 1232 3977 perperam,
1249 3919 1318 3959 cum
1339 3900 1372 3957 in

252 3995 372 4056 Lucilio
396 4016 644 4084 quoquererum
663 3999 797 4059 uarietas
821 4007 851 4059 et
874 3997 1025 4059 ‘eruditio
1047 3999 1142 4059 mira’
1167 3999 1370 4078 praedicetur.
1463 3993 1465 3996 ’

251 4268 344 4315 antem
362 4282 416 4317 non
434 4265 522 4333 ipsius
534 4268 666 4318 Varronis
679 4273 747 4333 erat,
766 4268 824 4319 tale
843 4284 877 4320 ex
896 4270 953 4320 suis
970 4270 1059 4336 ipsius
1078 4270 1190 4335 scriptis
1208 4269 1371 4335 florilegium

251 4366 428 4415 componere,
456 4352 504 4402 sed
523 4353 684 4417 posterioris
706 4353 825 4405 hominis
848 4370 881 4403 ex
909 4354 985 4405 illius
1012 4354 1091 4405 libris
1114 4355 1289 4420 excerpentis
1313 4354 1372 4421 (qui
1450 4368 1453 4374 '

250 4438 305 4501 quo
329 4439 452 4502 tempore
472 4442 536 4486 ante
557 4453 580 4486 a.
600 4438 649 4488 529
668 4434 771 4489 uixerit
788 4441 925 4509 incertum
944 4440 1013 4504 est);
1034 4455 1117 4505 quare
1136 4455 1170 4489 ne
1189 4441 1372 4505 Papirianum

252 4520 329 4571 illum
350 4520 397 4570 uel
414 4522 567 4572 Paxianum
582 4513 618 4572 ‘in
634 4525 767 4575 Varronis
792 4525 888 4576 amicis
908 4540 968 4577 curn
986 4523 1154 4577 Schneidero
1176 4526 1290 4582 Deuitio
1309 4526 1372 4579 aliis

251 4620 416 4670 quaeramus
436 4608 588 4659 cauendum
607 4612 657 4663 est.
788 4589 795 4603 ’
