3559 5709
331 690 394 757 256
701 698 732 754 ll.
757 697 896 754 rinnon
920 697 1080 756 vinnons

840 859 943 925 PIVS

802 964 860 1027 De
882 984 979 1048 pace

417 1082 544 1146 Gellius
568 1081 670 1145 XVII
695 1091 733 1151 18
758 1082 815 1145 ‘M.
837 1082 1022 1145 Varro...
1046 1082 1080 1144 in
1102 1080 1186 1146 libro
1204 1104 1303 1167 quern
1328 1083 1465 1168 scripsit

332 1184 409 1248 Pius
433 1193 491 1248 aut
514 1184 554 1247 de
576 1206 657 1269 pace
686 1183 722 1247 C.
746 1182 940 1247 Sallustium
962 1182 1157 1269 scriptorem
1180 1184 1288 1273 seriae
1313 1183 1407 1248 illius
1431 1194 1464 1247 et

332 1308 465 1349 seuerae
489 1286 647 1350 orationis
761 1285 796 1347 in
819 1283 982 1349 adulterio
1011 1283 1255 1371 deprehensum
1279 1286 1325 1351 ab
1349 1286 1463 1349 Annio

330 1386 452 1452 Milone
474 1386 552 1450 loris
576 1387 659 1452 benc
683 1409 815 1452 caesum
839 1385 981 1466 diciret,
1004 1408 1078 1450 cum
1101 1386 1249 1451 dedisset
1263 1388 1459 1473 pecuniam,

332 1486 527 1552 dimissum)

771 1691 1014 1759 SOAEVOLA

415 1793 459 1858 Et
481 1804 518 1860 ut
541 1804 679 1859 matrem
702 1795 814 1858 audiui
838 1794 958 1860 dicere.

789 1998 996 2064 SCAVRVS

859 2127 861 2130 ·
881 2101 898 2165 Ι

416 2199 549 2264 Seruius
573 2202 607 2265 in
631 2202 753 2285 Georg.
770 2203 788 2265 l
805 2212 843 2271 19
867 2212 1040 2289 postquam
1063 2201 1258 2289 Triptolemi
1283 2202 1461 2267 historiam

330 2302 398 2366 l'ere
428 2302 469 2365 ad
497 2302 611 2389 hymni
639 2304 808 2369 Homerici
837 2303 1006 2390 exemplar
1028 2304 1102 2368 fuse
1131 2304 1301 2386 narrauit,
1333 2303 1460 2390 pergit:

239 2403 243 2416 '
330 2404 520 2490 ‘Cererique
543 2428 637 2469 sacre
659 2406 784 2491 primus
808 2406 969 2488 instituit,
993 2428 1078 2493 quae
1093 2400 1315 2488 θεσμοφόρια
1339 2427 1463 2490 graece

331 2506 461 2589 dicunt,
495 2515 532 2569 ut
567 2508 644 2590 [ait]
680 2507 787 2573 Varro
823 2508 864 2571 de
898 2508 1037 2572 scenicis
1071 2507 1253 2591 originibus
1287 2508 1326 2573 II
1361 2517 1398 2573 et
1431 2509 1463 2570 in

330 2606 476 2672 Scauro)

873 2729 909 2794 ΙΙ

416 2830 584 2896 Charisius
607 2854 639 2918 p.
663 2844 702 2903 77
730 2831 849 2897 ‘Varro
874 2833 909 2894 in
931 2831 1055 2897 Scauro
1077 2829 1189 2897 baltea
1218 2830 1310 2898 dixit
1339 2842 1376 2899 et
1398 2834 1463 2899 Tu·

331 2954 423 2998 scum
445 2933 644 3001 uocabulum
666 2935 713 2999 ait
735 2943 830 2999 esse'

864 3054 918 3119 ΠΙ

415 3157 586 3224 Glutinum
608 3159 720 3225 ferunt
741 3156 927 3223 Daedalum
948 3155 1126 3221 inuenisse.

863 3275 912 3340 IV

415 3382 583 3449 Charisius
616 3407 648 3470 p.
679 3390 739 3452 106
774 3389 806 3445 et
834 3379 984 3445 Incertus
1018 3400 1051 3463 p.
1080 3385 1164 3449 2796
1188 3377 1225 3441 P.
1261 3377 1399 3445 ‘Varro
1429 3380 1462 3444 in

331 3484 453 3553 Scauro
477 3487 624 3574 palumbi
648 3484 750 3549 dicit’

792 3685 986 3754 SISENNA

756 3792 815 3859 De
842 3788 1020 3854 historia

417 3891 544 3979 Quodsi
571 3918 636 3962 non
669 3896 784 3960 horum
818 3892 964 3959 omnium
998 3888 1118 3954 similia
1150 3897 1261 3954 essent
1289 3889 1462 3979 principia

332 4024 371 4068 ac
393 3998 647 4088 postprincipia,
672 4019 793 4085 susque
816 3995 922 4081 deque
945 4001 1043 4060 esset.

399 4206 590 4259 SCAEVOLA
623 4205 782 4257 Macrobius
805 4203 839 4254 de
862 4201 919 4255 diff.
939 4179 968 4252 et
985 4215 1040 4251 soc.
1065 4214 1158 4265 graec.
1177 4198 1226 4252 lat.
1246 4199 1324 4253 uerb.
1349 4203 1399 4268 19,
1418 4206 1460 4255 32.

330 4279 432 4329 ‘Varro
449 4277 478 4327 in
496 4274 652 4327 Scaeuola)

399 4359 560 4413 SCAVRVS
596 4359 640 4414 Of.
658 4358 782 4425 prolegg.
800 4374 827 4423 p.
846 4359 879 4408 37
897 4360 953 4407 not.
973 4358 997 4407 7.
1054 4355 1067 4404 1
1085 4353 1206 4404 dicunt
1227 4357 1264 4402 ut
1281 4354 1390 4420 scripsi
1409 4356 1461 4407 di·

332 4436 451 4482 cuntur
467 4430 533 4480 libri
552 4430 601 4480 sit
618 4427 712 4479 addidi
747 4427 791 4478 ‘II
808 4428 851 4477 et’
870 4425 971 4490 scripsi
987 4422 1041 4473 uel
1058 4422 1123 4472 libri
1157 4420 1362 4473 IIIOhsrisius
1375 4440 1403 4490 p.
1416 4426 1459 4479 88.

332 4501 388 4550 131.
425 4500 528 4549 ‘Varro
546 4500 574 4549 in
593 4497 719 4550 Scauro)

400 4584 550 4636 SISENNA
586 4583 691 4636 Gellius
709 4582 774 4634 XVI
791 4583 817 4645 9,
836 4580 852 4631 5
882 4579 934 4629 τΜ.
953 4579 1040 4629 Varro
1058 4576 1087 4626 in
1110 4575 1230 4627 Sisenna
1247 4574 1295 4625 uel
1312 4574 1351 4627 de
1371 4576 1461 4629 histo·

331 4654 374 4705 ria
393 4658 452 4707 ...'
