3559 5709
824 711 951 767 usrvt
974 712 984 766 Ι
1417 704 1457 769 21

338 879 440 964 extr.)
444 924 453 958 ,
462 877 519 963 qui
530 898 635 943 nouae
641 875 841 941 Academiae
849 874 1097 961 Stoicorumque
1109 873 1230 961 placita
1242 875 1350 963 aliquo
1362 873 1459 941 modo

337 981 426 1047 inter
448 1002 484 1043 se
506 978 692 1043 consociare
712 979 904 1064 temptauit,
926 978 1134 1043 Krahncrum
1156 991 1265 1044 tamen
1286 981 1342 1066 qui
1358 979 1459 1044 Stoici

337 1091 400 1169 pb
412 1081 587 1167 praecipue
599 1080 766 1146 Cleanthis
778 1104 853 1145 eum
863 1090 1059 1147 sectatorem
1069 1089 1165 1166 putat
1176 1081 1217 1145 (16
1228 1080 1328 1147 Varr.
1340 1079 1458 1167 philos.

337 1206 400 1270 sq„
410 1184 435 1255 ¹)
452 1205 526 1247 curn
541 1205 559 1247 6
574 1205 753 1269 paucorum
767 1182 927 1249 librorum
941 1181 1210 1269 inscriptionibus
1226 1184 1356 1268 utrique
1372 1204 1457 1247 com-

337 1284 493 1352 munibus
501 1284 525 1370 ²)
553 1285 690 1349 nimium
717 1285 869 1371 equidem
895 1285 1087 1349 concludere
1114 1283 1230 1367 nolim,
1264 1294 1458 1370 argumento

336 1409 406 1452 non
438 1386 517 1452 satis
550 1385 663 1452 ualido
696 1388 745 1452 611
777 1395 875 1473 put03
910 1386 954 1451 cf.
977 1388 1076 1452 etiam
1102 1386 1214 1452 adnot.
1241 1386 1285 1451 ad
1313 1397 1458 1451 saturam

325 1482 416 1571 ’Ἐχω
444 1503 500 1571 σε,
534 1488 592 1553 sed
623 1489 721 1554 etiam
749 1489 792 1554 ad
821 1512 893 1553 eam
920 1512 1004 1575 quae
1033 1488 1190 1554 scribitur
1212 1480 1333 1563 ”Atros
1360 1472 1460 1564 οὗτος

331 1582 513 1673 Ἡρακλῆς.
557 1590 693 1655 Minime
715 1601 825 1656 autem
847 1592 894 1655 eis
918 1613 1001 1677 quae
1022 1590 1076 1655 ille
1098 1592 1121 1654 1.
1142 1613 1171 1656 6.
1191 1614 1223 1677 p.
1247 1599 1287 1660 20
1310 1614 1359 1677 sq.
1382 1592 1458 1657 sub·

336 1693 440 1759 tiliter
461 1716 504 1758 ex
526 1691 778 1758 Andabatarum
799 1693 1014 1779 inscriptione
1035 1703 1068 1758 et
1090 1692 1274 1777 fragmento
1297 1698 1460 1759 ‘Mortales

335 1802 426 1861 multi
454 1817 563 1860 rursus
591 1816 629 1859 ac
655 1816 787 1875 prorsus
811 1802 930 1860 meaat'
968 1796 1009 1860 (16
1044 1795 1227 1860 animarum
1259 1796 1294 1858 in
1331 1794 1458 1861 caelum

336 1919 478 1963 ascensu
508 1907 541 1962 et
562 1897 638 1961 inde
661 1896 823 1962 descensu
843 1897 987 1963 Varroni
1008 1897 1146 1984 probato
1169 1897 1331 1961 elicienda
1351 1908 1457 1985 putat,

336 1999 548 2064 subscribere
561 1997 671 2063 uelim.
710 2000 850 2066 Omnino
873 2010 984 2065 autem
1006 2000 1126 2065 certius
1149 2011 1229 2085 puto
1253 2023 1318 2065 non
1341 2023 1358 2063 e
1380 2022 1458 2086 pau-

335 2100 420 2167 culis
443 2101 555 2167 uerbis
584 2123 747 2167 conexum
769 2124 940 2187 quaerere,
974 2102 1168 2188 praesertim
1195 2124 1269 2167 cum
1297 2124 1459 2189 nusquam

334 2204 407 2269 fere
441 2204 584 2270 sciamus
617 2213 729 2268 utrum
762 2202 903 2269 docendi
935 2227 976 2268 an
1004 2202 1195 2292 disputandi
1228 2214 1261 2269 et
1286 2204 1459 2270 refellendi

335 2328 439 2371 causa
460 2306 668 2388 sententiam,
691 2328 775 2391 quae
797 2306 883 2371 forte
905 2305 1039 2372 fortuna
1060 2306 1154 2372 nobis
1172 2317 1303 2372 seruata
1317 2318 1379 2389 est,
1401 2331 1458 2393 po-

336 2408 457 2491 suerit3
483 2408 541 2473 sed
565 2430 607 2472 ex
621 2408 894 2495 inscriptionibus
910 2418 1000 2473 certa
1015 2416 1214 2493 argumenta
1222 2408 1457 2495 praebentibus

334 2512 358 2576 i.
376 2534 404 2575 e.
428 2534 446 2575 e
462 2508 659 2598 duplicibus.
695 2511 749 2576 Sic
771 2532 844 2575 6666
866 2510 1457 2591 ,41661616661666666166616166661-

334 2612 458 2700 pserit,
495 2633 667 2698 possemus
690 2612 837 2697 cogitare
865 2614 907 2677 de
933 2613 1117 2699 priscorum
1139 2612 1256 2679 Italiae
1277 2613 1459 2679 incolarum

333 2715 454 2780 habitu
484 2714 696 2802 moribusque
724 2716 916 2802 descriptis3
951 2717 1009 2780 sed
1031 2739 1114 2802 quae
1143 2716 1225 2780 alius
1253 2714 1309 2781 1116
1331 2717 1460 2782 addidit

335 2812 427 2896 ‘asel
449 2807 644 2899 ἀνθρώπων
665 2810 818 2899 φύσεως’
841 2818 1034 2900 ostendunt,
1064 2818 1105 2883 de
1127 2818 1320 2904 primigenio
1343 2828 1458 2884 exortu

333 2941 480 3005 ueraque
500 2918 669 2984 hominum
692 2920 816 3005 origine
831 2919 1014 2985 Varronem
1036 2920 1232 3005 disputasse.
1277 2921 1399 3003 Quare,
1422 2931 1459 2986 ut

335 3021 510 3087 occasione
539 3020 653 3087 oblata
680 3021 742 3086 hoc
770 3022 906 3104 addam,
931 3045 970 3086 ea
1000 3044 1083 3108 quae
1112 3021 1312 3087 Censorinus
1335 3022 1458 3088 Varro·

334 3124 457 3187 nianae
471 3122 526 3187 ille
542 3123 710 3189 doctrinae
726 3124 921 3211 compilator
943 3148 972 3190 6.
988 3135 1008 3195 4
1031 3123 1072 3188 de
1088 3135 1162 3190 ortu
1178 3126 1308 3211 generis
1323 3125 1459 3189 humani

334 3248 356 3290 a
371 3223 575 3312 philosophis
598 3208 689 3290 uarie
706 3226 872 3313 descripto
889 3226 996 3309 docet,
1020 3250 1063 3291 ex
1083 3228 1145 3291 hac
1168 3250 1241 3291 eum
1256 3237 1370 3292 satura
1389 3251 1457 3293 mu-

334 3337 465 3393 tuatum
493 3350 565 3392 esse
593 3328 763 3413 probabile
790 3329 933 3395 uidetur.
981 3328 1035 3393 Ibi
1057 3338 1166 3394 autern
1188 3329 1458 3417 philosophorum

333 3450 476 3513 magnus
495 3452 648 3494 numerus
672 3430 881 3516 producitur3
904 3430 1075 3517 magisque
1091 3433 1222 3496 omnino
1238 3432 1271 3495 ni
1286 3432 1384 3496 fallor
1398 3431 1458 3497 tali

334 3530 571 3595 sententiarum
601 3533 840 3598 enumerationi
872 3532 1093 3604 recensendae
1121 3555 1219 3619 quam
1247 3556 1326 3599 suae
1353 3534 1457 3622 ipsius

333 3631 483 3718 opinioni
510 3636 712 3717 argumentis
741 3633 922 3698 firmandae
943 3634 1102 3699 Varronis
1130 3634 1258 3701 indoles
1287 3646 1366 3724 apta
1387 3647 1459 3702 erat

333 3734 396 3819 (cf.
411 3732 634 3799 Mommsenus
658 3735 678 3800 1.
695 3758 722 3801 6.
739 3760 772 3821 p.
789 3736 876 3821 587).
913 3735 1000 3802 Satis
1024 3746 1113 3802 recte
1136 3725 1244 3802 autem
1265 3738 1456 3803 Krahnerus
1509 3779 1511 3783 ι

332 3836 356 3901 l.
384 3859 411 3900 c.
435 3860 467 3922 p.
492 3845 532 3906 10
559 3835 642 3902 haec
663 3861 738 3903 eum
760 3847 920 3903 tractasse
941 3838 1167 3926 philosophica
1194 3863 1212 3905 6
1234 3840 1378 3927 reliquiis
1402 3864 1457 3927 ap-

332 3959 452 4025 parere
474 3937 568 4003 dicit:
595 3939 775 4005 denatura
797 3941 957 4024 hominis,
987 3940 1029 4005 de
1051 3943 1179 4006 animae
1201 3941 1456 4023 immortalitate,

424 4161 449 4225 1)
468 4163 574 4214 Tamen
592 4165 676 4215 etiam
694 4164 857 4216 Platonicae
878 4169 906 4215 61
923 4165 1127 4230 Pythagoricae
1151 4165 1316 4231 disciplinae
1335 4164 1456 4230 uestigia

334 4248 469 4314 agnoscit
480 4248 517 4299 cf.
532 4266 558 4314 p.
573 4248 612 4303 15.
627 4253 671 4312 193
692 4265 776 4315 quare
791 4250 825 4301 ad
838 4266 972 4300 summam
984 4250 1056 4300 idem
1070 4251 1139 4300 dicit
1152 4250 1223 4316 quod
1236 4266 1288 4315 ego
1301 4266 1326 4315 p.
1340 4243 1466 4300 606616

423 4331 450 4397 2)
469 4333 629 4384 Krahnerus
642 4334 773 4385 Varronis
792 4341 902 4386 saturas
922 4333 1078 4400 Τριοδίτην
1098 4328 1254 4399 Τριπύλιον
1271 4332 1336 4397 περὶ
1354 4324 1457 4400 ἀρετῆς

332 4409 470 4483 κτήσεως,
489 4418 612 4469 Gloriam
630 4411 800 4483 666661166οῆ
818 4419 979 4471 Columnam
992 4421 1123 4470 Herculis
1141 4436 1170 4469 π.
1185 4411 1279 4486 δόξης,
1298 4420 1456 4470 Bimaroum

334 4501 378 4568 (π.
391 4491 522 4566 redama),
542 4503 691 4569 Caprinum
709 4505 843 4569 proelium
860 4523 890 4559 π,
907 4497 1017 4572 ἡδονῆς
1036 4520 1096 4555 cum
1115 4503 1258 4555 Cleanthis
1276 4506 1388 4571 scriptis
1408 4502 1456 4569 (cf.

331 4587 610 4653 Diog.L.V11175)
628 4590 705 4641 hisce
724 4587 789 4654 περὶ
807 4580 916 4656 ἀρετῶν
943 4607 972 4642 π.
992 4589 1163 4657 φθονερίας,
1182 4605 1211 4639 π.
1231 4582 1327 4661 δόξης,
1346 4605 1375 4642 π.
1395 4582 1456 4657 τρό-

331 4688 410 4741 πων,
429 4688 459 4723 π.
478 4663 586 4744 ἡδονῆς
606 4673 753 4745 componit,
848 4678 850 4680 ’
