<?xml version="1.0" encoding="UTF-8"?>
<!DOCTYPE html PUBLIC "-//W3C//DTD XHTML 1.0 Transitional//EN"
    "http://www.w3.org/TR/xhtml1/DTD/xhtml1-transitional.dtd">
<html xmlns="http://www.w3.org/1999/xhtml" xml:lang="en" lang="en">
 <head>
  <title>
</title>
<meta http-equiv="Content-Type" content="text/html;charset=utf-8" />
  <meta name='ocr-system' content='tesseract 3.04.00' />
  <meta name='ocr-capabilities' content='ocr_page ocr_carea ocr_par ocr_line ocrx_word'/>
</head>
<body>
  <div class='ocr_page' id='page_1' title='image "./saturarummenipp00riesgoog_0057.png"; bbox 0 0 3559 5709; ppageno 0'>
   <div class='ocr_carea' id='block_1_1' title="bbox 814 710 1458 773">
    <p class='ocr_par' dir='ltr' id='par_1_1' title="bbox 814 710 1458 773">
     <span class='ocr_line' id='line_1_1' title="bbox 814 710 1458 773; baseline 0.009 -6"><span class='ocrx_word' id='word_1_1' title='bbox 814 711 941 769; x_wconf 67' lang='lat' dir='ltr'>capvt</span> <span class='ocrx_word' id='word_1_2' title='bbox 964 714 983 769; x_wconf 88' lang='grc' dir='ltr'>Ι.</span> <span class='ocrx_word' id='word_1_3' title='bbox 1416 710 1458 773; x_wconf 87' lang='grc'>33</span> 
     </span>
    </p>
   </div>
   <div class='ocr_carea' id='block_1_2' title="bbox 331 861 1458 2590">
    <p class='ocr_par' dir='ltr' id='par_1_2' title="bbox 331 861 1458 2590">
     <span class='ocr_line' id='line_1_2' title="bbox 334 861 1457 962; baseline 0.003 -23"><span class='ocrx_word' id='word_1_4' title='bbox 334 873 451 939; x_wconf 88' lang='lat' dir='ltr'>tudine</span> <span class='ocrx_word' id='word_1_5' title='bbox 480 873 621 959; x_wconf 89' lang='lat' dir='ltr'>(Probus</span> <span class='ocrx_word' id='word_1_6' title='bbox 645 861 688 938; x_wconf 86' lang='lat' dir='ltr'>ad</span> <span class='ocrx_word' id='word_1_7' title='bbox 710 874 812 958; x_wconf 87' lang='lat' dir='ltr'>Vcrg.</span> <span class='ocrx_word' id='word_1_8' title='bbox 843 873 902 938; x_wconf 90' lang='lat' dir='ltr'>ecl.</span> <span class='ocrx_word' id='word_1_9' title='bbox 926 874 976 937; x_wconf 91' lang='lat' dir='ltr'>VI</span> <span class='ocrx_word' id='word_1_10' title='bbox 1000 874 1071 959; x_wconf 84' lang='grc'><strong>31);</strong></span> <span class='ocrx_word' id='word_1_11' title='bbox 1106 876 1239 941; x_wconf 82' lang='lat' dir='ltr'>Tubero</span> <span class='ocrx_word' id='word_1_12' title='bbox 1269 876 1308 940; x_wconf 93' lang='lat' dir='ltr'>do</span> <span class='ocrx_word' id='word_1_13' title='bbox 1331 879 1457 962; x_wconf 81' lang='lat' dir='ltr'>origine</span> 
     </span>
     <span class='ocr_line' id='line_1_3' title="bbox 331 974 1457 1073; baseline 0.004 -33"><span class='ocrx_word' id='word_1_14' title='bbox 331 980 480 1073; x_wconf 81' lang='lat' dir='ltr'>humana</span> <span class='ocrx_word' id='word_1_15' title='bbox 502 974 629 1060; x_wconf 83' lang='lat' dir='ltr'>(ibid.);</span> <span class='ocrx_word' id='word_1_16' title='bbox 656 975 755 1040; x_wconf 86' lang='lat' dir='ltr'>Gurio</span> <span class='ocrx_word' id='word_1_17' title='bbox 780 976 820 1040; x_wconf 89' lang='lat' dir='ltr'>de</span> <span class='ocrx_word' id='word_1_18' title='bbox 844 976 979 1041; x_wconf 90' lang='lat' dir='ltr'>deorum</span> <span class='ocrx_word' id='word_1_19' title='bbox 1001 975 1091 1041; x_wconf 89' lang='lat' dir='ltr'>cultu</span> <span class='ocrx_word' id='word_1_20' title='bbox 1115 976 1241 1061; x_wconf 70' lang='lat' dir='ltr'>(ibid),</span> <span class='ocrx_word' id='word_1_21' title='bbox 1265 978 1392 1043; x_wconf 88' lang='lat' dir='ltr'>Marius</span> <span class='ocrx_word' id='word_1_22' title='bbox 1416 981 1457 1044; x_wconf 90' lang='lat' dir='ltr'>de</span> 
     </span>
     <span class='ocr_line' id='line_1_4' title="bbox 333 1076 1457 1164; baseline 0.004 -23"><span class='ocrx_word' id='word_1_23' title='bbox 333 1078 471 1143; x_wconf 89' lang='lat' dir='ltr'>fortuna</span> <span class='ocrx_word' id='word_1_24' title='bbox 487 1077 691 1161; x_wconf 86' lang='lat' dir='ltr'>(Macrobius</span> <span class='ocrx_word' id='word_1_25' title='bbox 704 1076 774 1140; x_wconf 86' lang='lat' dir='ltr'>Sat.</span> <span class='ocrx_word' id='word_1_26' title='bbox 786 1078 839 1142; x_wconf 92' lang='grc' dir='ltr'>ΙΙΙ</span> <span class='ocrx_word' id='word_1_27' title='bbox 853 1079 963 1163; x_wconf 80' lang='grc'><strong>18,6);</strong></span> <span class='ocrx_word' id='word_1_28' title='bbox 987 1102 1071 1143; x_wconf 85' lang='grc'><strong>6666</strong></span> <span class='ocrx_word' id='word_1_29' title='bbox 1095 1078 1307 1164; x_wconf 84' lang='lat' dir='ltr'>excipiendus</span> <span class='ocrx_word' id='word_1_30' title='bbox 1331 1082 1457 1147; x_wconf 84' lang='lat' dir='ltr'>Gellius</span> 
     </span>
     <span class='ocr_line' id='line_1_5' title="bbox 334 1178 1457 1249; baseline 0.004 -6"><span class='ocrx_word' id='word_1_31' title='bbox 334 1180 407 1244; x_wconf 89' lang='lat' dir='ltr'>XX</span> <span class='ocrx_word' id='word_1_32' title='bbox 425 1190 461 1249; x_wconf 92' lang='lat'>11</span> <span class='ocrx_word' id='word_1_33' title='bbox 480 1179 562 1244; x_wconf 83' lang='lat' dir='ltr'>Cato</span> <span class='ocrx_word' id='word_1_34' title='bbox 586 1179 726 1243; x_wconf 88' lang='lat' dir='ltr'>alterum</span> <span class='ocrx_word' id='word_1_35' title='bbox 747 1178 880 1244; x_wconf 92' lang='lat' dir='ltr'>titulum</span> <span class='ocrx_word' id='word_1_36' title='bbox 903 1180 1047 1244; x_wconf 88' lang='lat' dir='ltr'>demens.</span> <span class='ocrx_word' id='word_1_37' title='bbox 1085 1180 1201 1244; x_wconf 86' lang='lat' dir='ltr'>Eidem</span> <span class='ocrx_word' id='word_1_38' title='bbox 1222 1180 1299 1246; x_wconf 84' lang='lat' dir='ltr'>libri</span> <span class='ocrx_word' id='word_1_39' title='bbox 1314 1206 1389 1247; x_wconf 92' lang='lat' dir='ltr'>cum</span> <span class='ocrx_word' id='word_1_40' title='bbox 1403 1183 1457 1248; x_wconf 90' lang='lat' dir='ltr'>uel</span> 
     </span>
     <span class='ocr_line' id='line_1_6' title="bbox 334 1280 1458 1365; baseline 0.004 -20"><span class='ocrx_word' id='word_1_41' title='bbox 334 1282 408 1345; x_wconf 89' lang='lat' dir='ltr'>sine</span> <span class='ocrx_word' id='word_1_42' title='bbox 430 1280 696 1365; x_wconf 91' lang='lat' dir='ltr'>logistoricorum</span> <span class='ocrx_word' id='word_1_43' title='bbox 717 1282 848 1347; x_wconf 91' lang='lat' dir='ltr'>nomine</span> <span class='ocrx_word' id='word_1_44' title='bbox 877 1280 1005 1346; x_wconf 87' lang='lat' dir='ltr'>duobus</span> <span class='ocrx_word' id='word_1_45' title='bbox 1034 1282 1102 1346; x_wconf 90' lang='lat' dir='ltr'>suis</span> <span class='ocrx_word' id='word_1_46' title='bbox 1124 1281 1230 1347; x_wconf 90' lang='lat' dir='ltr'>titulis</span> <span class='ocrx_word' id='word_1_47' title='bbox 1253 1283 1381 1349; x_wconf 85' lang='lat' dir='ltr'>soleant</span> <span class='ocrx_word' id='word_1_48' title='bbox 1404 1285 1458 1350; x_wconf 90' lang='lat' dir='ltr'>de·</span> 
     </span>
     <span class='ocr_line' id='line_1_7' title="bbox 334 1377 1457 1472; baseline 0.004 -25"><span class='ocrx_word' id='word_1_49' title='bbox 334 1383 461 1468; x_wconf 88' lang='lat' dir='ltr'>signari</span> <span class='ocrx_word' id='word_1_50' title='bbox 484 1384 547 1467; x_wconf 92' lang='lat' dir='ltr'>(sic</span> <span class='ocrx_word' id='word_1_51' title='bbox 562 1382 664 1447; x_wconf 87' lang='lat' dir='ltr'>Gatus</span> <span class='ocrx_word' id='word_1_52' title='bbox 687 1382 961 1468; x_wconf 84' lang='lat' dir='ltr'>apMacrobium</span> <span class='ocrx_word' id='word_1_53' title='bbox 982 1384 1083 1464; x_wconf 86' lang='grc'><strong>1116,</strong></span> <span class='ocrx_word' id='word_1_54' title='bbox 1108 1396 1126 1454; x_wconf 88' lang='grc'>5</span> <span class='ocrx_word' id='word_1_55' title='bbox 1150 1394 1182 1448; x_wconf 90' lang='grc'>61</span> <span class='ocrx_word' id='word_1_56' title='bbox 1203 1377 1314 1449; x_wconf 80' lang='lat' dir='ltr'>tricies</span> <span class='ocrx_word' id='word_1_57' title='bbox 1337 1388 1457 1472; x_wconf 89' lang='lat' dir='ltr'>septies</span> 
     </span>
     <span class='ocr_line' id='line_1_8' title="bbox 334 1484 1457 1571; baseline 0.004 -23"><span class='ocrx_word' id='word_1_58' title='bbox 334 1485 424 1571; x_wconf 89' lang='lat' dir='ltr'>apud</span> <span class='ocrx_word' id='word_1_59' title='bbox 439 1484 598 1567; x_wconf 83' lang='lat' dir='ltr'>Nonium3</span> <span class='ocrx_word' id='word_1_60' title='bbox 623 1485 756 1549; x_wconf 86' lang='lat' dir='ltr'>Tubero</span> <span class='ocrx_word' id='word_1_61' title='bbox 772 1484 1056 1569; x_wconf 53' lang='lat' dir='ltr'>apsGcnsorinum</span> <span class='ocrx_word' id='word_1_62' title='bbox 1072 1495 1106 1568; x_wconf 79' lang='lat'>93</span> <span class='ocrx_word' id='word_1_63' title='bbox 1129 1485 1254 1549; x_wconf 89' lang='lat' dir='ltr'>Marius</span> <span class='ocrx_word' id='word_1_64' title='bbox 1269 1487 1304 1550; x_wconf 90' lang='lat' dir='ltr'>in</span> <span class='ocrx_word' id='word_1_65' title='bbox 1319 1487 1457 1554; x_wconf 88' lang='lat' dir='ltr'>Scholiis</span> 
     </span>
     <span class='ocr_line' id='line_1_9' title="bbox 333 1585 1457 1674; baseline 0.002 -22"><span class='ocrx_word' id='word_1_66' title='bbox 333 1587 581 1652; x_wconf 85' lang='lat' dir='ltr'>Veronensibus</span> <span class='ocrx_word' id='word_1_67' title='bbox 604 1586 647 1650; x_wconf 92' lang='lat' dir='ltr'>ad</span> <span class='ocrx_word' id='word_1_68' title='bbox 670 1588 754 1650; x_wconf 84' lang='lat' dir='ltr'>Aen.</span> <span class='ocrx_word' id='word_1_69' title='bbox 776 1586 845 1651; x_wconf 89' lang='lat' dir='ltr'>VII</span> <span class='ocrx_word' id='word_1_70' title='bbox 868 1585 962 1670; x_wconf 85' lang='lat'>681),</span> <span class='ocrx_word' id='word_1_71' title='bbox 997 1610 1051 1651; x_wconf 91' lang='lat' dir='ltr'>eos</span> <span class='ocrx_word' id='word_1_72' title='bbox 1080 1609 1209 1674; x_wconf 90' lang='lat' dir='ltr'>quoque</span> <span class='ocrx_word' id='word_1_73' title='bbox 1237 1589 1293 1674; x_wconf 89' lang='lat' dir='ltr'>qui</span> <span class='ocrx_word' id='word_1_74' title='bbox 1321 1589 1457 1655; x_wconf 88' lang='lat' dir='ltr'>eandem</span> 
     </span>
     <span class='ocr_line' id='line_1_10' title="bbox 333 1688 1455 1776; baseline 0.006 -25"><span class='ocrx_word' id='word_1_75' title='bbox 333 1688 586 1775; x_wconf 81' lang='lat' dir='ltr'>inscriptionum</span> <span class='ocrx_word' id='word_1_76' title='bbox 613 1688 773 1751; x_wconf 88' lang='lat' dir='ltr'>rationem</span> <span class='ocrx_word' id='word_1_77' title='bbox 802 1688 975 1770; x_wconf 82' lang='lat' dir='ltr'>exhibent,</span> <span class='ocrx_word' id='word_1_78' title='bbox 1013 1689 1034 1753; x_wconf 94' lang='grc'>1.</span> <span class='ocrx_word' id='word_1_79' title='bbox 1057 1712 1085 1754; x_wconf 89' lang='grc'>6.</span> <span class='ocrx_word' id='word_1_80' title='bbox 1113 1712 1231 1754; x_wconf 92' lang='lat' dir='ltr'>nomen</span> <span class='ocrx_word' id='word_1_81' title='bbox 1253 1690 1358 1776; x_wconf 90' lang='lat' dir='ltr'>primo</span> <span class='ocrx_word' id='word_1_82' title='bbox 1384 1691 1455 1758; x_wconf 88' lang='grc'><strong>1666</strong></span> 
     </span>
     <span class='ocr_line' id='line_1_11' title="bbox 333 1788 1456 1879; baseline 0.004 -27"><span class='ocrx_word' id='word_1_83' title='bbox 333 1790 517 1877; x_wconf 88' lang='lat' dir='ltr'>proprium,</span> <span class='ocrx_word' id='word_1_84' title='bbox 542 1789 661 1853; x_wconf 88' lang='lat' dir='ltr'>deinde</span> <span class='ocrx_word' id='word_1_85' title='bbox 682 1788 760 1854; x_wconf 87' lang='lat' dir='ltr'>libri</span> <span class='ocrx_word' id='word_1_86' title='bbox 783 1800 1012 1875; x_wconf 81' lang='lat' dir='ltr'>argumentum</span> <span class='ocrx_word' id='word_1_87' title='bbox 1035 1789 1137 1854; x_wconf 90' lang='lat' dir='ltr'>latino</span> <span class='ocrx_word' id='word_1_88' title='bbox 1153 1813 1303 1856; x_wconf 88' lang='lat' dir='ltr'>sermone</span> <span class='ocrx_word' id='word_1_89' title='bbox 1325 1815 1456 1879; x_wconf 85' lang='lat' dir='ltr'>expres-</span> 
     </span>
     <span class='ocr_line' id='line_1_12' title="bbox 333 1890 1456 1977; baseline 0.004 -22"><span class='ocrx_word' id='word_1_90' title='bbox 333 1914 426 1973; x_wconf 88' lang='lat' dir='ltr'>sum,</span> <span class='ocrx_word' id='word_1_91' title='bbox 456 1914 522 1955; x_wconf 94' lang='lat' dir='ltr'>non</span> <span class='ocrx_word' id='word_1_92' title='bbox 544 1901 654 1955; x_wconf 89' lang='lat' dir='ltr'>tamen</span> <span class='ocrx_word' id='word_1_93' title='bbox 676 1890 855 1976; x_wconf 85' lang='lat' dir='ltr'>logistorici</span> <span class='ocrx_word' id='word_1_94' title='bbox 878 1900 1127 1977; x_wconf 80' lang='lat' dir='ltr'>nuncupantur,</span> <span class='ocrx_word' id='word_1_95' title='bbox 1156 1892 1243 1957; x_wconf 88' lang='lat' dir='ltr'>inter</span> <span class='ocrx_word' id='word_1_96' title='bbox 1264 1893 1322 1957; x_wconf 90' lang='lat' dir='ltr'>hos</span> <span class='ocrx_word' id='word_1_97' title='bbox 1346 1917 1456 1959; x_wconf 90' lang='lat' dir='ltr'>nume-</span> 
     </span>
     <span class='ocr_line' id='line_1_13' title="bbox 332 1992 1458 2079; baseline 0.004 -23"><span class='ocrx_word' id='word_1_98' title='bbox 332 2016 410 2057; x_wconf 88' lang='lat' dir='ltr'>rare</span> <span class='ocrx_word' id='word_1_99' title='bbox 434 2016 515 2079; x_wconf 91' lang='lat' dir='ltr'>opus</span> <span class='ocrx_word' id='word_1_100' title='bbox 540 1993 619 2074; x_wconf 90' lang='lat' dir='ltr'>erit,</span> <span class='ocrx_word' id='word_1_101' title='bbox 648 1993 704 2078; x_wconf 90' lang='lat' dir='ltr'>qui</span> <span class='ocrx_word' id='word_1_102' title='bbox 727 2003 802 2057; x_wconf 91' lang='lat' dir='ltr'>sunt</span> <span class='ocrx_word' id='word_1_103' title='bbox 825 1994 958 2057; x_wconf 88' lang='lat' dir='ltr'>Orestes</span> <span class='ocrx_word' id='word_1_104' title='bbox 982 1992 1022 2057; x_wconf 90' lang='lat' dir='ltr'>de</span> <span class='ocrx_word' id='word_1_105' title='bbox 1044 1993 1174 2057; x_wconf 88' lang='lat' dir='ltr'>insania</span> <span class='ocrx_word' id='word_1_106' title='bbox 1202 1993 1344 2079; x_wconf 82' lang='lat' dir='ltr'>(Gellius</span> <span class='ocrx_word' id='word_1_107' title='bbox 1368 1996 1458 2060; x_wconf 86' lang='lat' dir='ltr'>XIII</span> 
     </span>
     <span class='ocr_line' id='line_1_14' title="bbox 334 2093 1457 2184; baseline 0.003 -25"><span class='ocrx_word' id='word_1_108' title='bbox 334 2094 390 2179; x_wconf 83' lang='lat'>4);</span> <span class='ocrx_word' id='word_1_109' title='bbox 423 2094 561 2159; x_wconf 86' lang='lat' dir='ltr'>Sisenna</span> <span class='ocrx_word' id='word_1_110' title='bbox 595 2094 635 2158; x_wconf 91' lang='lat' dir='ltr'>de</span> <span class='ocrx_word' id='word_1_111' title='bbox 662 2095 798 2159; x_wconf 87' lang='lat' dir='ltr'>historia</span> <span class='ocrx_word' id='word_1_112' title='bbox 831 2093 972 2179; x_wconf 82' lang='lat' dir='ltr'>(Gellius</span> <span class='ocrx_word' id='word_1_113' title='bbox 995 2094 1079 2159; x_wconf 89' lang='lat' dir='ltr'>XVI</span> <span class='ocrx_word' id='word_1_114' title='bbox 1112 2095 1161 2180; x_wconf 83' lang='lat'>9);</span> <span class='ocrx_word' id='word_1_115' title='bbox 1194 2095 1274 2159; x_wconf 93' lang='lat' dir='ltr'>Pius</span> <span class='ocrx_word' id='word_1_116' title='bbox 1306 2097 1347 2161; x_wconf 90' lang='lat' dir='ltr'>de</span> <span class='ocrx_word' id='word_1_117' title='bbox 1375 2121 1457 2184; x_wconf 89' lang='lat' dir='ltr'>pace</span> 
     </span>
     <span class='ocr_line' id='line_1_15' title="bbox 334 2194 1457 2283; baseline 0.001 -21"><span class='ocrx_word' id='word_1_118' title='bbox 334 2195 479 2283; x_wconf 89' lang='lat' dir='ltr'>(Gellius</span> <span class='ocrx_word' id='word_1_119' title='bbox 503 2194 607 2260; x_wconf 90' lang='lat' dir='ltr'>XVII</span> <span class='ocrx_word' id='word_1_120' title='bbox 632 2196 700 2279; x_wconf 65' lang='grc'><strong>18),</strong></span> <span class='ocrx_word' id='word_1_121' title='bbox 729 2196 860 2261; x_wconf 87' lang='lat' dir='ltr'>Atticus</span> <span class='ocrx_word' id='word_1_122' title='bbox 884 2197 924 2260; x_wconf 90' lang='lat' dir='ltr'>de</span> <span class='ocrx_word' id='word_1_123' title='bbox 946 2196 1089 2261; x_wconf 90' lang='lat' dir='ltr'>numeris</span> <span class='ocrx_word' id='word_1_124' title='bbox 1117 2195 1330 2280; x_wconf 80' lang='lat' dir='ltr'>(Censorinus</span> <span class='ocrx_word' id='word_1_125' title='bbox 1353 2208 1385 2282; x_wconf 80' lang='lat'>23</span> <span class='ocrx_word' id='word_1_126' title='bbox 1416 2199 1457 2263; x_wconf 91' lang='lat' dir='ltr'>de</span> 
     </span>
     <span class='ocr_line' id='line_1_16' title="bbox 332 2296 1457 2381; baseline 0.002 -18"><span class='ocrx_word' id='word_1_127' title='bbox 332 2299 527 2364; x_wconf 87' lang='lat' dir='ltr'>muneribus</span> <span class='ocrx_word' id='word_1_128' title='bbox 551 2297 603 2362; x_wconf 85' lang='lat' dir='ltr'>cii.</span> <span class='ocrx_word' id='word_1_129' title='bbox 620 2297 788 2362; x_wconf 88' lang='lat' dir='ltr'>Manutius</span> <span class='ocrx_word' id='word_1_130' title='bbox 812 2306 844 2361; x_wconf 90' lang='lat' dir='ltr'>et</span> <span class='ocrx_word' id='word_1_131' title='bbox 858 2296 1085 2381; x_wconf 85' lang='lat' dir='ltr'>Ritschelius);</span> <span class='ocrx_word' id='word_1_132' title='bbox 1109 2296 1229 2361; x_wconf 84' lang='lat' dir='ltr'>Gallus</span> <span class='ocrx_word' id='word_1_133' title='bbox 1249 2301 1317 2363; x_wconf 91' lang='lat' dir='ltr'>siue</span> <span class='ocrx_word' id='word_1_134' title='bbox 1340 2299 1457 2365; x_wconf 89' lang='lat' dir='ltr'>Gallus</span> 
     </span>
     <span class='ocr_line' id='line_1_17' title="bbox 333 2397 1455 2489; baseline -0.001 -23"><span class='ocrx_word' id='word_1_135' title='bbox 333 2400 529 2466; x_wconf 87' lang='lat' dir='ltr'>Fundanius</span> <span class='ocrx_word' id='word_1_136' title='bbox 554 2399 594 2463; x_wconf 91' lang='lat' dir='ltr'>de</span> <span class='ocrx_word' id='word_1_137' title='bbox 611 2397 814 2463; x_wconf 87' lang='lat' dir='ltr'>admirandis</span> <span class='ocrx_word' id='word_1_138' title='bbox 838 2399 1041 2487; x_wconf 85' lang='lat' dir='ltr'>(Macrobius</span> <span class='ocrx_word' id='word_1_139' title='bbox 1064 2398 1117 2463; x_wconf 83' lang='lat' dir='ltr'>III</span> <span class='ocrx_word' id='word_1_140' title='bbox 1141 2410 1191 2481; x_wconf 83' lang='lat'>15,</span> <span class='ocrx_word' id='word_1_141' title='bbox 1216 2409 1250 2483; x_wconf 81' lang='lat'>83</span> <span class='ocrx_word' id='word_1_142' title='bbox 1273 2400 1400 2465; x_wconf 88' lang='lat' dir='ltr'>Nonius</span> <span class='ocrx_word' id='word_1_143' title='bbox 1423 2426 1455 2489; x_wconf 90' lang='lat' dir='ltr'>p.</span> 
     </span>
     <span class='ocr_line' id='line_1_18' title="bbox 334 2500 1456 2590; baseline 0.004 -26"><span class='ocrx_word' id='word_1_144' title='bbox 334 2514 389 2572; x_wconf 88' lang='lat'>71.</span> <span class='ocrx_word' id='word_1_145' title='bbox 420 2507 511 2585; x_wconf 80' lang='lat'>217).</span> <span class='ocrx_word' id='word_1_146' title='bbox 561 2502 632 2565; x_wconf 89' lang='lat' dir='ltr'>Iam</span> <span class='ocrx_word' id='word_1_147' title='bbox 665 2502 764 2567; x_wconf 89' lang='lat' dir='ltr'>etiam</span> <span class='ocrx_word' id='word_1_148' title='bbox 798 2500 920 2565; x_wconf 91' lang='lat' dir='ltr'>similes</span> <span class='ocrx_word' id='word_1_149' title='bbox 957 2501 1185 2587; x_wconf 89' lang='lat' dir='ltr'>inscriptiones</span> <span class='ocrx_word' id='word_1_150' title='bbox 1223 2500 1328 2566; x_wconf 89' lang='lat' dir='ltr'>altera</span> <span class='ocrx_word' id='word_1_151' title='bbox 1363 2514 1456 2590; x_wconf 89' lang='lat' dir='ltr'>parte</span> 
     </span>
    </p>
   </div>
   <div class='ocr_carea' id='block_1_3' title="bbox 332 2602 1567 2687">
    <p class='ocr_par' dir='ltr' id='par_1_3' title="bbox 332 2602 1567 2687">
     <span class='ocr_line' id='line_1_19' title="bbox 332 2602 1567 2687; baseline 0.001 -19"><span class='ocrx_word' id='word_1_152' title='bbox 332 2627 469 2669; x_wconf 89' lang='lat' dir='ltr'>mancas</span> <span class='ocrx_word' id='word_1_153' title='bbox 497 2603 562 2667; x_wconf 91' lang='lat' dir='ltr'>huc</span> <span class='ocrx_word' id='word_1_154' title='bbox 588 2603 745 2667; x_wconf 90' lang='lat' dir='ltr'>audemus</span> <span class='ocrx_word' id='word_1_155' title='bbox 771 2603 911 2684; x_wconf 86' lang='lat' dir='ltr'>referre,</span> <span class='ocrx_word' id='word_1_156' title='bbox 939 2602 1031 2667; x_wconf 91' lang='lat' dir='ltr'>uelut</span> <span class='ocrx_word' id='word_1_157' title='bbox 1059 2603 1216 2668; x_wconf 85' lang='lat' dir='ltr'>Scaurum</span> <span class='ocrx_word' id='word_1_158' title='bbox 1240 2602 1390 2687; x_wconf 87' lang='lat' dir='ltr'>(Seruius</span> <span class='ocrx_word' id='word_1_159' title='bbox 1414 2604 1456 2669; x_wconf 89' lang='lat' dir='ltr'>ad</span> <span class='ocrx_word' id='word_1_160' title='bbox 1565 2683 1567 2685; x_wconf 7' lang='lat' dir='ltr'>V</span> 
     </span>
    </p>
   </div>
   <div class='ocr_carea' id='block_1_4' title="bbox 333 2704 1457 2994">
    <p class='ocr_par' dir='ltr' id='par_1_4' title="bbox 333 2704 1457 2994">
     <span class='ocr_line' id='line_1_20' title="bbox 333 2704 1455 2792; baseline -0.001 -20"><span class='ocrx_word' id='word_1_161' title='bbox 333 2706 579 2790; x_wconf 41' lang='lat' dir='ltr'>Georg21193</span> <span class='ocrx_word' id='word_1_162' title='bbox 604 2704 770 2769; x_wconf 85' lang='lat' dir='ltr'>Charisius</span> <span class='ocrx_word' id='word_1_163' title='bbox 800 2715 932 2791; x_wconf 80' lang='lat' dir='ltr'>quater,</span> <span class='ocrx_word' id='word_1_164' title='bbox 962 2707 1003 2768; x_wconf 92' lang='lat' dir='ltr'>de</span> <span class='ocrx_word' id='word_1_165' title='bbox 1033 2729 1097 2791; x_wconf 93' lang='lat' dir='ltr'>quo</span> <span class='ocrx_word' id='word_1_166' title='bbox 1126 2728 1157 2791; x_wconf 93' lang='lat' dir='ltr'>p.</span> <span class='ocrx_word' id='word_1_167' title='bbox 1181 2715 1221 2775; x_wconf 83' lang='lat'>37</span> <span class='ocrx_word' id='word_1_168' title='bbox 1250 2705 1455 2792; x_wconf 89' lang='lat' dir='ltr'>disputabo),</span> 
     </span>
     <span class='ocr_line' id='line_1_21' title="bbox 334 2806 1453 2893; baseline -0.004 -18"><span class='ocrx_word' id='word_1_169' title='bbox 334 2808 495 2875; x_wconf 83' lang='lat' dir='ltr'>Calenum</span> <span class='ocrx_word' id='word_1_170' title='bbox 518 2806 667 2891; x_wconf 86' lang='lat' dir='ltr'>(Seruius</span> <span class='ocrx_word' id='word_1_171' title='bbox 690 2807 733 2871; x_wconf 92' lang='lat' dir='ltr'>ad</span> <span class='ocrx_word' id='word_1_172' title='bbox 756 2806 840 2870; x_wconf 90' lang='lat' dir='ltr'>Aen.</span> <span class='ocrx_word' id='word_1_173' title='bbox 864 2806 915 2869; x_wconf 90' lang='lat' dir='ltr'>IX</span> <span class='ocrx_word' id='word_1_174' title='bbox 938 2807 1010 2889; x_wconf 86' lang='lat'>53),</span> <span class='ocrx_word' id='word_1_175' title='bbox 1033 2807 1246 2871; x_wconf 89' lang='lat' dir='ltr'>Laterensem</span> <span class='ocrx_word' id='word_1_176' title='bbox 1273 2807 1399 2890; x_wconf 89' lang='lat' dir='ltr'>(Diom.</span> <span class='ocrx_word' id='word_1_177' title='bbox 1422 2831 1453 2893; x_wconf 91' lang='lat' dir='ltr'>p.</span> 
     </span>
     <span class='ocr_line' id='line_1_22' title="bbox 334 2907 1457 2994; baseline 0 -21"><span class='ocrx_word' id='word_1_178' title='bbox 334 2920 411 2982; x_wconf 85' lang='grc'><strong>368.</strong></span> <span class='ocrx_word' id='word_1_179' title='bbox 445 2909 549 2973; x_wconf 90' lang='lat' dir='ltr'>Prisc.</span> <span class='ocrx_word' id='word_1_180' title='bbox 572 2909 606 2972; x_wconf 90' lang='lat' dir='ltr'>X</span> <span class='ocrx_word' id='word_1_181' title='bbox 629 2932 660 2993; x_wconf 86' lang='lat' dir='ltr'>p.</span> <span class='ocrx_word' id='word_1_182' title='bbox 685 2919 743 2978; x_wconf 92' lang='lat'>511</span> <span class='ocrx_word' id='word_1_183' title='bbox 769 2907 841 2992; x_wconf 73' lang='grc' dir='ltr'>Η),</span> <span class='ocrx_word' id='word_1_184' title='bbox 864 2908 1027 2993; x_wconf 85' lang='lat' dir='ltr'>Nepotem</span> <span class='ocrx_word' id='word_1_185' title='bbox 1051 2907 1193 2991; x_wconf 81' lang='lat' dir='ltr'>(Charis.</span> <span class='ocrx_word' id='word_1_186' title='bbox 1216 2932 1248 2994; x_wconf 91' lang='lat' dir='ltr'>p.</span> <span class='ocrx_word' id='word_1_187' title='bbox 1270 2910 1338 2991; x_wconf 86' lang='lat'>59),</span> <span class='ocrx_word' id='word_1_188' title='bbox 1362 2908 1457 2973; x_wconf 90' lang='lat' dir='ltr'>Scae·</span> 
     </span>
    </p>
   </div>
   <div class='ocr_carea' id='block_1_5' title="bbox 333 3007 1457 3501">
    <p class='ocr_par' dir='ltr' id='par_1_5' title="bbox 333 3007 1457 3406">
     <span class='ocr_line' id='line_1_23' title="bbox 333 3007 1456 3100; baseline -0.004 -24"><span class='ocrx_word' id='word_1_189' title='bbox 333 3012 448 3078; x_wconf 91' lang='lat' dir='ltr'>uolam</span> <span class='ocrx_word' id='word_1_190' title='bbox 470 3010 670 3095; x_wconf 89' lang='lat' dir='ltr'>(Macrobius</span> <span class='ocrx_word' id='word_1_191' title='bbox 693 3009 733 3073; x_wconf 91' lang='lat' dir='ltr'>de</span> <span class='ocrx_word' id='word_1_192' title='bbox 758 3009 826 3100; x_wconf 89' lang='lat' dir='ltr'>diff.</span> <span class='ocrx_word' id='word_1_193' title='bbox 845 3019 895 3091; x_wconf 79' lang='grc'><strong>11),</strong></span> <span class='ocrx_word' id='word_1_194' title='bbox 919 3007 984 3093; x_wconf 83' lang='grc'>32).</span> <span class='ocrx_word' id='word_1_195' title='bbox 1027 3008 1095 3072; x_wconf 85' lang='lat' dir='ltr'>Sed</span> <span class='ocrx_word' id='word_1_196' title='bbox 1117 3031 1158 3072; x_wconf 90' lang='lat' dir='ltr'>ne</span> <span class='ocrx_word' id='word_1_197' title='bbox 1180 3008 1275 3072; x_wconf 88' lang='lat' dir='ltr'>nimis</span> <span class='ocrx_word' id='word_1_198' title='bbox 1298 3008 1361 3074; x_wconf 90' lang='lat' dir='ltr'>tibi</span> <span class='ocrx_word' id='word_1_199' title='bbox 1383 3031 1456 3072; x_wconf 92' lang='lat' dir='ltr'>con-</span> 
     </span>
     <span class='ocr_line' id='line_1_24' title="bbox 333 3110 1456 3196; baseline -0.003 -18"><span class='ocrx_word' id='word_1_200' title='bbox 333 3113 437 3179; x_wconf 87' lang='lat' dir='ltr'>fidas:</span> <span class='ocrx_word' id='word_1_201' title='bbox 461 3134 537 3176; x_wconf 89' lang='lat' dir='ltr'>nam</span> <span class='ocrx_word' id='word_1_202' title='bbox 560 3111 720 3177; x_wconf 88' lang='lat' dir='ltr'>Serranus</span> <span class='ocrx_word' id='word_1_203' title='bbox 737 3133 887 3196; x_wconf 90' lang='lat' dir='ltr'>quoque,</span> <span class='ocrx_word' id='word_1_204' title='bbox 917 3111 945 3174; x_wconf 93' lang='lat' dir='ltr'>si</span> <span class='ocrx_word' id='word_1_205' title='bbox 968 3110 1072 3174; x_wconf 89' lang='lat' dir='ltr'>altera</span> <span class='ocrx_word' id='word_1_206' title='bbox 1101 3110 1313 3196; x_wconf 86' lang='lat' dir='ltr'>inscriptione</span> <span class='ocrx_word' id='word_1_207' title='bbox 1336 3121 1456 3195; x_wconf 85' lang='lat' dir='ltr'>egeret,</span> 
     </span>
     <span class='ocr_line' id='line_1_25' title="bbox 333 3203 1457 3299; baseline -0.004 -19"><span class='ocrx_word' id='word_1_208' title='bbox 333 3237 432 3281; x_wconf 90' lang='lat' dir='ltr'>nemo</span> <span class='ocrx_word' id='word_1_209' title='bbox 457 3214 622 3279; x_wconf 89' lang='lat' dir='ltr'>dubitaret</span> <span class='ocrx_word' id='word_1_210' title='bbox 651 3212 728 3299; x_wconf 90' lang='lat' dir='ltr'>quin</span> <span class='ocrx_word' id='word_1_211' title='bbox 757 3210 963 3295; x_wconf 83' lang='lat' dir='ltr'>logistoricus</span> <span class='ocrx_word' id='word_1_212' title='bbox 997 3222 1098 3294; x_wconf 83' lang='lat' dir='ltr'>essct3</span> <span class='ocrx_word' id='word_1_213' title='bbox 1133 3232 1229 3296; x_wconf 90' lang='lat' dir='ltr'>quem</span> <span class='ocrx_word' id='word_1_214' title='bbox 1257 3234 1375 3296; x_wconf 90' lang='lat' dir='ltr'>graeca</span> <span class='ocrx_word' id='word_1_215' title='bbox 1402 3203 1457 3298; x_wconf 87' lang='lat' dir='ltr'>ap-</span> 
     </span>
     <span class='ocr_line' id='line_1_26' title="bbox 333 3306 1135 3406; baseline -0.009 -23"><span class='ocrx_word' id='word_1_216' title='bbox 333 3318 448 3406; x_wconf 89' lang='lat' dir='ltr'>posita</span> <span class='ocrx_word' id='word_1_217' title='bbox 469 3312 545 3397; x_wconf 79' lang='grc' dir='ltr'>περὶ</span> <span class='ocrx_word' id='word_1_218' title='bbox 568 3306 787 3397; x_wconf 70' lang='grc' dir='ltr'><em>ἀρχαιρεσιῶν</em></span> <span class='ocrx_word' id='word_1_219' title='bbox 811 3315 930 3377; x_wconf 88' lang='lat' dir='ltr'>saturis</span> <span class='ocrx_word' id='word_1_220' title='bbox 955 3313 1135 3378; x_wconf 84' lang='lat' dir='ltr'>vindicant.</span> 
     </span>
    </p>

    <p class='ocr_par' dir='ltr' id='par_1_6' title="bbox 423 3415 1457 3501">
     <span class='ocr_line' id='line_1_27' title="bbox 423 3415 1457 3501; baseline -0.003 -19"><span class='ocrx_word' id='word_1_221' title='bbox 423 3418 515 3482; x_wconf 87' lang='lat' dir='ltr'>Haec</span> <span class='ocrx_word' id='word_1_222' title='bbox 548 3418 613 3481; x_wconf 89' lang='lat' dir='ltr'>iam</span> <span class='ocrx_word' id='word_1_223' title='bbox 641 3416 682 3480; x_wconf 89' lang='lat' dir='ltr'>de</span> <span class='ocrx_word' id='word_1_224' title='bbox 715 3415 1001 3501; x_wconf 80' lang='lat' dir='ltr'>inscriptionibus3</span> <span class='ocrx_word' id='word_1_225' title='bbox 1035 3415 1180 3480; x_wconf 90' lang='lat' dir='ltr'>indolem</span> <span class='ocrx_word' id='word_1_226' title='bbox 1207 3425 1314 3478; x_wconf 90' lang='lat' dir='ltr'>autem</span> <span class='ocrx_word' id='word_1_227' title='bbox 1342 3415 1457 3479; x_wconf 91' lang='lat' dir='ltr'>horum</span> 
     </span>
    </p>
   </div>
   <div class='ocr_carea' id='block_1_6' title="bbox 333 3516 1476 4726">
    <p class='ocr_par' dir='ltr' id='par_1_7' title="bbox 333 3516 1476 4726">
     <span class='ocr_line' id='line_1_28' title="bbox 334 3516 1457 3603; baseline -0.004 -18"><span class='ocrx_word' id='word_1_228' title='bbox 334 3522 497 3586; x_wconf 91' lang='lat' dir='ltr'>librorum</span> <span class='ocrx_word' id='word_1_229' title='bbox 519 3520 547 3582; x_wconf 93' lang='lat' dir='ltr'>si</span> <span class='ocrx_word' id='word_1_230' title='bbox 570 3542 613 3583; x_wconf 83' lang='lat' dir='ltr'>ex</span> <span class='ocrx_word' id='word_1_231' title='bbox 634 3519 764 3582; x_wconf 89' lang='lat' dir='ltr'>nomine</span> <span class='ocrx_word' id='word_1_232' title='bbox 790 3518 931 3603; x_wconf 89' lang='lat' dir='ltr'>primum</span> <span class='ocrx_word' id='word_1_233' title='bbox 954 3516 1242 3601; x_wconf 75' lang='lat' dir='ltr'>‘logistoricorum&#39;</span> <span class='ocrx_word' id='word_1_234' title='bbox 1265 3538 1285 3579; x_wconf 93' lang='lat' dir='ltr'>a</span> <span class='ocrx_word' id='word_1_235' title='bbox 1307 3516 1457 3581; x_wconf 87' lang='lat' dir='ltr'>Varrone</span> 
     </span>
     <span class='ocr_line' id='line_1_29' title="bbox 333 3616 1457 3704; baseline -0.004 -17"><span class='ocrx_word' id='word_1_236' title='bbox 333 3633 377 3687; x_wconf 88' lang='lat' dir='ltr'>ut</span> <span class='ocrx_word' id='word_1_237' title='bbox 397 3622 530 3686; x_wconf 91' lang='lat' dir='ltr'>uidetur</span> <span class='ocrx_word' id='word_1_238' title='bbox 551 3621 685 3684; x_wconf 91' lang='lat' dir='ltr'>inuento</span> <span class='ocrx_word' id='word_1_239' title='bbox 708 3642 905 3704; x_wconf 87' lang='lat' dir='ltr'>cognoscere</span> <span class='ocrx_word' id='word_1_240' title='bbox 927 3619 1128 3704; x_wconf 89' lang='lat' dir='ltr'>quaerimus,</span> <span class='ocrx_word' id='word_1_241' title='bbox 1152 3616 1275 3699; x_wconf 82' lang='grc' dir='ltr'><em>λόγους</em></span> <span class='ocrx_word' id='word_1_242' title='bbox 1297 3640 1457 3704; x_wconf 91' lang='lat' dir='ltr'>quoscun-</span> 
     </span>
     <span class='ocr_line' id='line_1_30' title="bbox 335 3720 1458 3811; baseline -0.004 -24"><span class='ocrx_word' id='word_1_243' title='bbox 335 3746 402 3811; x_wconf 89' lang='lat' dir='ltr'>que</span> <span class='ocrx_word' id='word_1_244' title='bbox 423 3725 444 3787; x_wconf 89' lang='lat' dir='ltr'>i.</span> <span class='ocrx_word' id='word_1_245' title='bbox 468 3746 496 3787; x_wconf 89' lang='lat' dir='ltr'>e.</span> <span class='ocrx_word' id='word_1_246' title='bbox 527 3722 705 3787; x_wconf 88' lang='lat' dir='ltr'>sententias</span> <span class='ocrx_word' id='word_1_247' title='bbox 728 3721 783 3784; x_wconf 91' lang='lat' dir='ltr'>uel</span> <span class='ocrx_word' id='word_1_248' title='bbox 805 3721 1052 3785; x_wconf 87' lang='lat' dir='ltr'>obseruationes</span> <span class='ocrx_word' id='word_1_249' title='bbox 1079 3720 1134 3784; x_wconf 91' lang='lat' dir='ltr'>uel</span> <span class='ocrx_word' id='word_1_250' title='bbox 1161 3729 1335 3807; x_wconf 87' lang='lat' dir='ltr'>praecepta</span> <span class='ocrx_word' id='word_1_251' title='bbox 1356 3721 1402 3784; x_wconf 86' lang='lat' dir='ltr'>ita</span> <span class='ocrx_word' id='word_1_252' title='bbox 1424 3721 1458 3783; x_wconf 93' lang='lat' dir='ltr'>in</span> 
     </span>
     <span class='ocr_line' id='line_1_31' title="bbox 335 3820 1476 3907; baseline -0.004 -19"><span class='ocrx_word' id='word_1_253' title='bbox 335 3825 387 3889; x_wconf 89' lang='lat' dir='ltr'>eis</span> <span class='ocrx_word' id='word_1_254' title='bbox 410 3824 495 3888; x_wconf 88' lang='lat' dir='ltr'>tradi</span> <span class='ocrx_word' id='word_1_255' title='bbox 517 3823 720 3905; x_wconf 90' lang='lat' dir='ltr'>inuenimus,</span> <span class='ocrx_word' id='word_1_256' title='bbox 749 3834 786 3887; x_wconf 92' lang='grc'>61</span> <span class='ocrx_word' id='word_1_257' title='bbox 813 3822 971 3887; x_wconf 90' lang='lat' dir='ltr'>historica</span> <span class='ocrx_word' id='word_1_258' title='bbox 986 3821 1097 3887; x_wconf 77' lang='lat' dir='ltr'>&#39;multa</span> <span class='ocrx_word' id='word_1_259' title='bbox 1119 3820 1304 3907; x_wconf 82' lang='lat' dir='ltr'>explicandi</span> <span class='ocrx_word' id='word_1_260' title='bbox 1326 3821 1380 3887; x_wconf 90' lang='lat' dir='ltr'>uel</span> <span class='ocrx_word' id='word_1_261' title='bbox 1402 3844 1476 3884; x_wconf 85' lang='lat' dir='ltr'>ex·-</span> 
     </span>
     <span class='ocr_line' id='line_1_32' title="bbox 335 3922 1458 4010; baseline -0.006 -19"><span class='ocrx_word' id='word_1_262' title='bbox 335 3926 476 3993; x_wconf 89' lang='lat' dir='ltr'>ornandi</span> <span class='ocrx_word' id='word_1_263' title='bbox 499 3948 599 3990; x_wconf 89' lang='lat' dir='ltr'>causa</span> <span class='ocrx_word' id='word_1_264' title='bbox 621 3925 762 4010; x_wconf 79' lang='lat' dir='ltr'>sermoni</span> <span class='ocrx_word' id='word_1_265' title='bbox 783 3925 1038 3989; x_wconf 87' lang='lat' dir='ltr'>immisceantur.</span> <span class='ocrx_word' id='word_1_266' title='bbox 1082 3924 1264 3988; x_wconf 87' lang='lat' dir='ltr'>Hoc-enim</span> <span class='ocrx_word' id='word_1_267' title='bbox 1279 3922 1458 3987; x_wconf 89' lang='lat' dir='ltr'>Ritschelio</span> 
     </span>
     <span class='ocr_line' id='line_1_33' title="bbox 334 4024 1456 4113; baseline -0.006 -20"><span class='ocrx_word' id='word_1_268' title='bbox 334 4050 423 4093; x_wconf 90' lang='lat' dir='ltr'>mus.</span> <span class='ocrx_word' id='word_1_269' title='bbox 446 4026 558 4113; x_wconf 91' lang='lat' dir='ltr'>philol.</span> <span class='ocrx_word' id='word_1_270' title='bbox 574 4027 624 4092; x_wconf 88' lang='lat' dir='ltr'>Vl</span> <span class='ocrx_word' id='word_1_271' title='bbox 640 4037 700 4097; x_wconf 80' lang='lat'>543</span> <span class='ocrx_word' id='word_1_272' title='bbox 723 4036 791 4092; x_wconf 93' lang='lat' dir='ltr'>not.</span> <span class='ocrx_word' id='word_1_273' title='bbox 814 4036 902 4090; x_wconf 90' lang='lat' dir='ltr'>recte</span> <span class='ocrx_word' id='word_1_274' title='bbox 924 4036 961 4089; x_wconf 91' lang='grc'>61</span> <span class='ocrx_word' id='word_1_275' title='bbox 983 4036 1062 4112; x_wconf 91' lang='lat' dir='ltr'>puto</span> <span class='ocrx_word' id='word_1_276' title='bbox 1085 4024 1289 4112; x_wconf 90' lang='lat' dir='ltr'>probabilius</span> <span class='ocrx_word' id='word_1_277' title='bbox 1313 4024 1456 4104; x_wconf 88' lang='lat' dir='ltr'>uidetur,</span> 
     </span>
     <span class='ocr_line' id='line_1_34' title="bbox 334 4123 1457 4217; baseline -0.005 -24"><span class='ocrx_word' id='word_1_278' title='bbox 334 4130 488 4217; x_wconf 90' lang='lat' dir='ltr'>quamsi</span> <span class='ocrx_word' id='word_1_279' title='bbox 510 4123 633 4210; x_wconf 79' lang='grc' dir='ltr'><em>λόγους</em></span> <span class='ocrx_word' id='word_1_280' title='bbox 654 4126 843 4193; x_wconf 86' lang='lat' dir='ltr'>fabularum</span> <span class='ocrx_word' id='word_1_281' title='bbox 866 4128 1001 4193; x_wconf 92' lang='lat' dir='ltr'>notione</span> <span class='ocrx_word' id='word_1_282' title='bbox 1016 4127 1210 4213; x_wconf 85' lang='lat' dir='ltr'>accipientes</span> <span class='ocrx_word' id='word_1_283' title='bbox 1234 4148 1332 4189; x_wconf 88' lang='lat' dir='ltr'>uerae</span> <span class='ocrx_word' id='word_1_284' title='bbox 1354 4133 1387 4211; x_wconf 76' lang='lat' dir='ltr'>et</span> <span class='ocrx_word' id='word_1_285' title='bbox 1408 4124 1457 4188; x_wconf 87' lang='lat' dir='ltr'>fa-</span> 
     </span>
     <span class='ocr_line' id='line_1_35' title="bbox 333 4228 1457 4299; baseline -0.009 0"><span class='ocrx_word' id='word_1_286' title='bbox 333 4231 474 4299; x_wconf 86' lang='lat' dir='ltr'>bulosae</span> <span class='ocrx_word' id='word_1_287' title='bbox 507 4231 664 4298; x_wconf 88' lang='lat' dir='ltr'>historiae</span> <span class='ocrx_word' id='word_1_288' title='bbox 698 4230 958 4295; x_wconf 86' lang='lat' dir='ltr'>coniunctionem</span> <span class='ocrx_word' id='word_1_289' title='bbox 991 4228 1041 4293; x_wconf 92' lang='lat' dir='ltr'>his</span> <span class='ocrx_word' id='word_1_290' title='bbox 1076 4229 1168 4294; x_wconf 91' lang='lat' dir='ltr'>libris</span> <span class='ocrx_word' id='word_1_291' title='bbox 1203 4228 1457 4291; x_wconf 86' lang='lat' dir='ltr'>uindicaremus.</span> 
     </span>
     <span class='ocr_line' id='line_1_36' title="bbox 334 4328 1456 4415; baseline -0.005 -17"><span class='ocrx_word' id='word_1_292' title='bbox 334 4331 436 4399; x_wconf 91' lang='lat' dir='ltr'>Illum</span> <span class='ocrx_word' id='word_1_293' title='bbox 459 4344 569 4398; x_wconf 90' lang='lat' dir='ltr'>autern</span> <span class='ocrx_word' id='word_1_294' title='bbox 592 4333 724 4398; x_wconf 81' lang='lat' dir='ltr'>moduin</span> <span class='ocrx_word' id='word_1_295' title='bbox 747 4332 931 4397; x_wconf 90' lang='lat' dir='ltr'>obtinuisse</span> <span class='ocrx_word' id='word_1_296' title='bbox 954 4330 1015 4415; x_wconf 86' lang='lat' dir='ltr'>(ita</span> <span class='ocrx_word' id='word_1_297' title='bbox 1031 4354 1121 4411; x_wconf 90' lang='lat' dir='ltr'>sane,</span> <span class='ocrx_word' id='word_1_298' title='bbox 1143 4340 1180 4394; x_wconf 91' lang='lat' dir='ltr'>ut</span> <span class='ocrx_word' id='word_1_299' title='bbox 1202 4328 1355 4394; x_wconf 88' lang='lat' dir='ltr'>fabulosa</span> <span class='ocrx_word' id='word_1_300' title='bbox 1378 4351 1456 4414; x_wconf 94' lang='lat' dir='ltr'>quo-</span> 
     </span>
     <span class='ocr_line' id='line_1_37' title="bbox 334 4430 1458 4523; baseline -0.006 -23"><span class='ocrx_word' id='word_1_301' title='bbox 334 4458 402 4523; x_wconf 90' lang='lat' dir='ltr'>que</span> <span class='ocrx_word' id='word_1_302' title='bbox 425 4458 595 4500; x_wconf 84' lang='lat' dir='ltr'>occurrere</span> <span class='ocrx_word' id='word_1_303' title='bbox 622 4435 787 4521; x_wconf 90' lang='lat' dir='ltr'>potuerint</span> <span class='ocrx_word' id='word_1_304' title='bbox 810 4435 852 4497; x_wconf 85' lang='lat' dir='ltr'>cf.</span> <span class='ocrx_word' id='word_1_305' title='bbox 876 4458 908 4520; x_wconf 90' lang='lat' dir='ltr'>p.</span> <span class='ocrx_word' id='word_1_306' title='bbox 926 4443 966 4503; x_wconf 86' lang='grc'>34</span> <span class='ocrx_word' id='word_1_307' title='bbox 983 4456 1050 4517; x_wconf 84' lang='lat' dir='ltr'>sq.;</span> <span class='ocrx_word' id='word_1_308' title='bbox 1081 4454 1164 4517; x_wconf 90' lang='lat' dir='ltr'>quae</span> <span class='ocrx_word' id='word_1_309' title='bbox 1190 4431 1277 4495; x_wconf 90' lang='lat' dir='ltr'>inter</span> <span class='ocrx_word' id='word_1_310' title='bbox 1301 4430 1458 4495; x_wconf 88' lang='lat' dir='ltr'>historica</span> 
     </span>
     <span class='ocr_line' id='line_1_38' title="bbox 333 4533 1456 4622; baseline -0.008 -19"><span class='ocrx_word' id='word_1_311' title='bbox 333 4540 455 4603; x_wconf 90' lang='lat' dir='ltr'>latiore</span> <span class='ocrx_word' id='word_1_312' title='bbox 478 4547 575 4602; x_wconf 85' lang='lat' dir='ltr'>sensu</span> <span class='ocrx_word' id='word_1_313' title='bbox 591 4537 681 4600; x_wconf 88' lang='lat' dir='ltr'>dicta</span> <span class='ocrx_word' id='word_1_314' title='bbox 695 4534 896 4599; x_wconf 86' lang='lat' dir='ltr'>numeranda</span> <span class='ocrx_word' id='word_1_315' title='bbox 911 4536 1001 4622; x_wconf 81' lang='lat' dir='ltr'>sunt)</span> <span class='ocrx_word' id='word_1_316' title='bbox 1019 4556 1091 4597; x_wconf 85' lang='lat' dir='ltr'>curn</span> <span class='ocrx_word' id='word_1_317' title='bbox 1107 4535 1199 4619; x_wconf 92' lang='lat' dir='ltr'>ipsae</span> <span class='ocrx_word' id='word_1_318' title='bbox 1214 4533 1456 4619; x_wconf 88' lang='lat' dir='ltr'>inscriptiones,</span> 
     </span>
     <span class='ocr_line' id='line_1_39' title="bbox 333 4632 1457 4726; baseline -0.011 -20"><span class='ocrx_word' id='word_1_319' title='bbox 333 4652 409 4706; x_wconf 88' lang='lat' dir='ltr'>tum</span> <span class='ocrx_word' id='word_1_320' title='bbox 441 4639 599 4726; x_wconf 89' lang='lat' dir='ltr'>reliquiae</span> <span class='ocrx_word' id='word_1_321' title='bbox 632 4639 706 4703; x_wconf 86' lang='lat' dir='ltr'>Gati</span> <span class='ocrx_word' id='word_1_322' title='bbox 737 4637 920 4722; x_wconf 89' lang='lat' dir='ltr'>logistorici</span> <span class='ocrx_word' id='word_1_323' title='bbox 953 4637 1088 4717; x_wconf 90' lang='lat' dir='ltr'>docent,</span> <span class='ocrx_word' id='word_1_324' title='bbox 1128 4658 1191 4721; x_wconf 94' lang='lat' dir='ltr'>quo</span> <span class='ocrx_word' id='word_1_325' title='bbox 1225 4656 1293 4699; x_wconf 90' lang='lat' dir='ltr'>rem</span> <span class='ocrx_word' id='word_1_326' title='bbox 1326 4632 1457 4713; x_wconf 88' lang='lat' dir='ltr'>seriam,</span> 
     </span>
    </p>
   </div>
   <div class='ocr_carea' id='block_1_7' title="bbox 391 4746 1283 4811">
    <p class='ocr_par' dir='ltr' id='par_1_8' title="bbox 391 4746 1283 4811">
     <span class='ocr_line' id='line_1_40' title="bbox 391 4746 1283 4811; baseline -0.008 -11"><span class='ocrx_word' id='word_1_327' title='bbox 391 4760 478 4811; x_wconf 84' lang='lat' dir='ltr'>Riese,</span> <span class='ocrx_word' id='word_1_328' title='bbox 496 4758 600 4800; x_wconf 83' lang='lat' dir='ltr'>Varronis</span> <span class='ocrx_word' id='word_1_329' title='bbox 614 4756 706 4800; x_wconf 73' lang='lat' dir='ltr'>Satires.</span> <span class='ocrx_word' id='word_1_330' title='bbox 1265 4746 1283 4806; x_wconf 87' lang='grc'><strong>3</strong></span> 
     </span>
    </p>
   </div>
   <div class='ocr_carea' id='block_1_8' title="bbox 0 0 1784 5709">
    <p class='ocr_par' dir='ltr' id='par_1_9' title="bbox 0 0 1784 5709">
     <span class='ocr_line' id='line_1_41' title="bbox 0 0 1784 5709; baseline 0 0"><span class='ocrx_word' id='word_1_331' title='bbox 0 0 1784 5709; x_wconf 95' lang='lat' dir='ltr'> </span> 
     </span>
    </p>
   </div>
  </div>
 </body>
</html>
