<?xml version="1.0" encoding="UTF-8"?>
<!DOCTYPE html PUBLIC "-//W3C//DTD XHTML 1.0 Transitional//EN"
    "http://www.w3.org/TR/xhtml1/DTD/xhtml1-transitional.dtd">
<html xmlns="http://www.w3.org/1999/xhtml" xml:lang="en" lang="en">
 <head>
  <title>
</title>
<meta http-equiv="Content-Type" content="text/html;charset=utf-8" />
  <meta name='ocr-system' content='tesseract 3.04.00' />
  <meta name='ocr-capabilities' content='ocr_page ocr_carea ocr_par ocr_line ocrx_word'/>
</head>
<body>
  <div class='ocr_page' id='page_1' title='image "./saturarummenipp00riesgoog_0062.png"; bbox 0 0 3559 5709; ppageno 0'>
   <div class='ocr_carea' id='block_1_1' title="bbox 807 700 967 757">
    <p class='ocr_par' dir='ltr' id='par_1_1' title="bbox 807 700 967 757">
     <span class='ocr_line' id='line_1_1' title="bbox 807 700 967 757; baseline -0.006 -1"><span class='ocrx_word' id='word_1_1' title='bbox 807 700 967 757; x_wconf 75' lang='lat' dir='ltr'>cstrl</span> 
     </span>
    </p>
   </div>
   <div class='ocr_carea' id='block_1_2' title="bbox 287 862 1458 2983">
    <p class='ocr_par' dir='ltr' id='par_1_2' title="bbox 485 862 746 932">
     <span class='ocr_line' id='line_1_2' title="bbox 485 862 746 932; baseline -0.023 0"><span class='ocrx_word' id='word_1_2' title='bbox 485 872 535 932; x_wconf 82' lang='lat'>12.</span> <span class='ocrx_word' id='word_1_3' title='bbox 559 862 746 927; x_wconf 82' lang='lat' dir='ltr'>Laterensis</span> 
     </span>
    </p>

    <p class='ocr_par' dir='ltr' id='par_1_3' title="bbox 486 963 668 1050">
     <span class='ocr_line' id='line_1_3' title="bbox 486 963 668 1050; baseline 0.005 -24"><span class='ocrx_word' id='word_1_4' title='bbox 486 972 535 1034; x_wconf 88' lang='lat'>13.</span> <span class='ocrx_word' id='word_1_5' title='bbox 558 963 668 1050; x_wconf 82' lang='lat' dir='ltr'>Nepos</span> 
     </span>
    </p>

    <p class='ocr_par' dir='ltr' id='par_1_4' title="bbox 485 1064 701 1134">
     <span class='ocr_line' id='line_1_4' title="bbox 485 1064 701 1134; baseline -0.023 0"><span class='ocrx_word' id='word_1_6' title='bbox 485 1075 535 1134; x_wconf 86' lang='grc'>14.</span> <span class='ocrx_word' id='word_1_7' title='bbox 559 1064 701 1130; x_wconf 86' lang='lat' dir='ltr'>Galenus</span> 
     </span>
    </p>

    <p class='ocr_par' dir='ltr' id='par_1_5' title="bbox 485 1166 1041 1238">
     <span class='ocr_line' id='line_1_5' title="bbox 485 1166 1041 1238; baseline 0 -7"><span class='ocrx_word' id='word_1_8' title='bbox 485 1179 535 1238; x_wconf 88' lang='lat'>15.</span> <span class='ocrx_word' id='word_1_9' title='bbox 559 1166 718 1234; x_wconf 86' lang='lat' dir='ltr'>Scaeuola</span> <span class='ocrx_word' id='word_1_10' title='bbox 1000 1207 1041 1223; x_wconf 56' lang='lat'>--</span> 
     </span>
    </p>

    <p class='ocr_par' dir='ltr' id='par_1_6' title="bbox 483 1269 1218 1661">
     <span class='ocr_line' id='line_1_6' title="bbox 486 1269 1191 1356; baseline 0.003 -24"><span class='ocrx_word' id='word_1_11' title='bbox 486 1270 535 1338; x_wconf 80' lang='lat'>16.</span> <span class='ocrx_word' id='word_1_12' title='bbox 622 1307 664 1316; x_wconf 83' lang='lat'>—-</span> <span class='ocrx_word' id='word_1_13' title='bbox 915 1269 955 1333; x_wconf 89' lang='grc'>(16</span> <span class='ocrx_word' id='word_1_14' title='bbox 979 1270 1158 1356; x_wconf 66' lang='grc'><strong>1661111661)</strong></span> <span class='ocrx_word' id='word_1_15' title='bbox 1186 1290 1191 1296; x_wconf 92' lang='grc'><em>·</em></span> 
     </span>
     <span class='ocr_line' id='line_1_7' title="bbox 483 1371 1168 1457; baseline -0.007 -18"><span class='ocrx_word' id='word_1_16' title='bbox 483 1382 533 1441; x_wconf 84' lang='grc'>17.</span> <span class='ocrx_word' id='word_1_17' title='bbox 618 1410 661 1418; x_wconf 90' lang='grc'>-</span> <span class='ocrx_word' id='word_1_18' title='bbox 913 1371 954 1436; x_wconf 88' lang='grc'>(16</span> <span class='ocrx_word' id='word_1_19' title='bbox 975 1371 1168 1457; x_wconf 81' lang='lat' dir='ltr'>pudicitia²)</span> 
     </span>
     <span class='ocr_line' id='line_1_8' title="bbox 484 1472 1218 1560; baseline 0.001 -23"><span class='ocrx_word' id='word_1_20' title='bbox 484 1482 532 1544; x_wconf 85' lang='lat'>18.</span> <span class='ocrx_word' id='word_1_21' title='bbox 619 1512 662 1523; x_wconf 78' lang='lat'>—</span> <span class='ocrx_word' id='word_1_22' title='bbox 916 1472 956 1537; x_wconf 92' lang='lat' dir='ltr'>de</span> <span class='ocrx_word' id='word_1_23' title='bbox 978 1473 1218 1560; x_wconf 76' lang='lat' dir='ltr'>philosophia3)</span> 
     </span>
     <span class='ocr_line' id='line_1_9' title="bbox 484 1574 1154 1661; baseline -0.006 -18"><span class='ocrx_word' id='word_1_24' title='bbox 484 1584 534 1643; x_wconf 84' lang='lat'>19.</span> <span class='ocrx_word' id='word_1_25' title='bbox 621 1614 664 1625; x_wconf 77' lang='lat'>—</span> <span class='ocrx_word' id='word_1_26' title='bbox 917 1575 958 1639; x_wconf 89' lang='lat' dir='ltr'>de</span> <span class='ocrx_word' id='word_1_27' title='bbox 981 1574 1154 1661; x_wconf 70' lang='grc'><strong>6666111161)</strong></span> 
     </span>
    </p>

    <p class='ocr_par' dir='ltr' id='par_1_7' title="bbox 287 1675 1455 2170">
     <span class='ocr_line' id='line_1_10' title="bbox 418 1675 1454 1763; baseline 0.001 -24"><span class='ocrx_word' id='word_1_28' title='bbox 418 1676 510 1740; x_wconf 84' lang='grc'><strong>11666</strong></span> <span class='ocrx_word' id='word_1_29' title='bbox 534 1675 575 1740; x_wconf 89' lang='grc'>(16</span> <span class='ocrx_word' id='word_1_30' title='bbox 597 1675 805 1761; x_wconf 84' lang='lat' dir='ltr'>logistoricis.</span> <span class='ocrx_word' id='word_1_31' title='bbox 850 1677 922 1741; x_wconf 91' lang='lat' dir='ltr'>Iam</span> <span class='ocrx_word' id='word_1_32' title='bbox 944 1688 1054 1742; x_wconf 88' lang='lat' dir='ltr'>autem</span> <span class='ocrx_word' id='word_1_33' title='bbox 1077 1678 1132 1741; x_wconf 92' lang='lat' dir='ltr'>uia</span> <span class='ocrx_word' id='word_1_34' title='bbox 1153 1678 1233 1742; x_wconf 87' lang='lat' dir='ltr'>satis</span> <span class='ocrx_word' id='word_1_35' title='bbox 1262 1676 1364 1763; x_wconf 88' lang='lat' dir='ltr'>plana</span> <span class='ocrx_word' id='word_1_36' title='bbox 1385 1701 1454 1743; x_wconf 93' lang='lat' dir='ltr'>non</span> 
     </span>
     <span class='ocr_line' id='line_1_11' title="bbox 333 1777 1453 1865; baseline 0.003 -25"><span class='ocrx_word' id='word_1_37' title='bbox 333 1777 469 1841; x_wconf 88' lang='lat' dir='ltr'>nimium</span> <span class='ocrx_word' id='word_1_38' title='bbox 491 1777 555 1842; x_wconf 87' lang='lat' dir='ltr'>erit</span> <span class='ocrx_word' id='word_1_39' title='bbox 577 1777 712 1842; x_wconf 90' lang='lat' dir='ltr'>difficile</span> <span class='ocrx_word' id='word_1_40' title='bbox 735 1801 816 1865; x_wconf 85' lang='lat' dir='ltr'>quos</span> <span class='ocrx_word' id='word_1_41' title='bbox 840 1777 998 1844; x_wconf 87' lang='lat' dir='ltr'>librorum</span> <span class='ocrx_word' id='word_1_42' title='bbox 1020 1777 1132 1844; x_wconf 88' lang='lat' dir='ltr'>titulos</span> <span class='ocrx_word' id='word_1_43' title='bbox 1148 1789 1335 1844; x_wconf 86' lang='lat' dir='ltr'>saturarum</span> <span class='ocrx_word' id='word_1_44' title='bbox 1356 1777 1453 1843; x_wconf 88' lang='lat' dir='ltr'>libris</span> 
     </span>
     <span class='ocr_line' id='line_1_12' title="bbox 333 1877 1455 1965; baseline 0 -22"><span class='ocrx_word' id='word_1_45' title='bbox 333 1878 387 1943; x_wconf 79' lang='lat' dir='ltr'>GL</span> <span class='ocrx_word' id='word_1_46' title='bbox 423 1877 523 1964; x_wconf 91' lang='lat' dir='ltr'>(hunc</span> <span class='ocrx_word' id='word_1_47' title='bbox 550 1903 719 1945; x_wconf 91' lang='lat' dir='ltr'>numerum</span> <span class='ocrx_word' id='word_1_48' title='bbox 753 1880 894 1945; x_wconf 89' lang='lat' dir='ltr'>fortasse</span> <span class='ocrx_word' id='word_1_49' title='bbox 927 1881 1032 1946; x_wconf 87' lang='lat' dir='ltr'>obiter</span> <span class='ocrx_word' id='word_1_50' title='bbox 1065 1891 1193 1946; x_wconf 87' lang='lat' dir='ltr'>tantum</span> <span class='ocrx_word' id='word_1_51' title='bbox 1227 1889 1455 1965; x_wconf 85' lang='lat' dir='ltr'>computatum</span> 
     </span>
     <span class='ocr_line' id='line_1_13' title="bbox 287 1979 1454 2070; baseline 0.002 -28"><span class='ocrx_word' id='word_1_52' title='bbox 287 2042 291 2051; x_wconf 83' lang='grc'><strong>,</strong></span> <span class='ocrx_word' id='word_1_53' title='bbox 331 1979 498 2065; x_wconf 82' lang='lat' dir='ltr'>catalogus</span> <span class='ocrx_word' id='word_1_54' title='bbox 515 1982 650 2067; x_wconf 88' lang='lat' dir='ltr'>praebet</span> <span class='ocrx_word' id='word_1_55' title='bbox 664 1982 872 2070; x_wconf 81' lang='lat' dir='ltr'>Hieronymi)</span> <span class='ocrx_word' id='word_1_56' title='bbox 895 1981 1123 2048; x_wconf 87' lang='lat' dir='ltr'>adtribuamus</span> <span class='ocrx_word' id='word_1_57' title='bbox 1144 1982 1356 2067; x_wconf 85' lang='lat' dir='ltr'>inuestigare.</span> <span class='ocrx_word' id='word_1_58' title='bbox 1395 1980 1454 2045; x_wconf 87' lang='lat' dir='ltr'>Sa-</span> 
     </span>
     <span class='ocr_line' id='line_1_14' title="bbox 332 2081 1315 2170; baseline 0.002 -25"><span class='ocrx_word' id='word_1_59' title='bbox 332 2081 469 2146; x_wconf 83' lang='lat' dir='ltr'>tirarum</span> <span class='ocrx_word' id='word_1_60' title='bbox 492 2083 593 2168; x_wconf 84' lang='lat' dir='ltr'>igitur</span> <span class='ocrx_word' id='word_1_61' title='bbox 615 2083 865 2170; x_wconf 89' lang='lat' dir='ltr'>Menippearum</span> <span class='ocrx_word' id='word_1_62' title='bbox 887 2086 1017 2149; x_wconf 89' lang='lat' dir='ltr'>nomine</span> <span class='ocrx_word' id='word_1_63' title='bbox 1039 2084 1100 2149; x_wconf 94' lang='lat' dir='ltr'>hae</span> <span class='ocrx_word' id='word_1_64' title='bbox 1122 2083 1315 2149; x_wconf 81' lang='lat' dir='ltr'>laudantur:</span> 
     </span>
    </p>

    <p class='ocr_par' dir='ltr' id='par_1_8' title="bbox 481 2172 1388 2271">
     <span class='ocr_line' id='line_1_15' title="bbox 481 2172 1388 2271; baseline 0.008 -23"><span class='ocrx_word' id='word_1_65' title='bbox 481 2194 510 2254; x_wconf 91' lang='lat'>1.</span> <span class='ocrx_word' id='word_1_66' title='bbox 525 2175 646 2260; x_wconf 75' lang='grc' dir='ltr'><strong><em>’Ἄλλος</em></strong></span> <span class='ocrx_word' id='word_1_67' title='bbox 669 2172 768 2261; x_wconf 82' lang='grc' dir='ltr'><em>οὗτος</em></span> <span class='ocrx_word' id='word_1_68' title='bbox 786 2177 951 2269; x_wconf 76' lang='grc' dir='ltr'><strong><em>Ἡρακλῆς</em></strong></span> <span class='ocrx_word' id='word_1_69' title='bbox 973 2186 1174 2271; x_wconf 81' lang='lat' dir='ltr'><strong>(Macrobius</strong></span> <span class='ocrx_word' id='word_1_70' title='bbox 1198 2185 1253 2250; x_wconf 92' lang='lat' dir='ltr'>III</span> <span class='ocrx_word' id='word_1_71' title='bbox 1276 2194 1327 2267; x_wconf 82' lang='lat'>12,</span> <span class='ocrx_word' id='word_1_72' title='bbox 1353 2184 1388 2269; x_wconf 81' lang='lat'>6)</span> 
     </span>
    </p>

    <p class='ocr_par' dir='ltr' id='par_1_9' title="bbox 480 2277 1101 2376">
     <span class='ocr_line' id='line_1_16' title="bbox 480 2277 1101 2376; baseline 0.011 -26"><span class='ocrx_word' id='word_1_73' title='bbox 480 2295 510 2355; x_wconf 83' lang='lat'>2.</span> <span class='ocrx_word' id='word_1_74' title='bbox 528 2277 718 2351; x_wconf 81' lang='grc' dir='ltr'><strong><em>Ἱπποαύων</em></strong></span> <span class='ocrx_word' id='word_1_75' title='bbox 742 2287 886 2374; x_wconf 81' lang='lat' dir='ltr'>(Gellius</span> <span class='ocrx_word' id='word_1_76' title='bbox 911 2288 965 2354; x_wconf 94' lang='grc' dir='ltr'>ΙΙΙ</span> <span class='ocrx_word' id='word_1_77' title='bbox 989 2298 1043 2369; x_wconf 89' lang='grc'>18,</span> <span class='ocrx_word' id='word_1_78' title='bbox 1068 2290 1101 2376; x_wconf 88' lang='lat'>5)</span> 
     </span>
    </p>

    <p class='ocr_par' dir='ltr' id='par_1_10' title="bbox 482 2386 1458 2577">
     <span class='ocr_line' id='line_1_17' title="bbox 482 2386 1458 2477; baseline -0.005 -20"><span class='ocrx_word' id='word_1_79' title='bbox 482 2397 511 2457; x_wconf 88' lang='grc'>3.</span> <span class='ocrx_word' id='word_1_80' title='bbox 534 2389 650 2453; x_wconf 89' lang='lat' dir='ltr'>Nescis</span> <span class='ocrx_word' id='word_1_81' title='bbox 680 2389 760 2477; x_wconf 92' lang='lat' dir='ltr'>quid</span> <span class='ocrx_word' id='word_1_82' title='bbox 787 2413 907 2477; x_wconf 91' lang='lat' dir='ltr'>uesper</span> <span class='ocrx_word' id='word_1_83' title='bbox 936 2413 1028 2454; x_wconf 88' lang='lat' dir='ltr'>serus</span> <span class='ocrx_word' id='word_1_84' title='bbox 1056 2388 1157 2454; x_wconf 89' lang='lat' dir='ltr'>uehat</span> <span class='ocrx_word' id='word_1_85' title='bbox 1190 2386 1333 2473; x_wconf 81' lang='lat' dir='ltr'>(Gellius</span> <span class='ocrx_word' id='word_1_86' title='bbox 1364 2388 1458 2452; x_wconf 91' lang='lat' dir='ltr'>XIII</span> 
     </span>
     <span class='ocr_line' id='line_1_18' title="bbox 623 2492 1130 2577; baseline -0.004 -20"><span class='ocrx_word' id='word_1_87' title='bbox 623 2500 658 2559; x_wconf 90' lang='grc'>11</span> <span class='ocrx_word' id='word_1_88' title='bbox 669 2540 678 2572; x_wconf 96' lang='grc'><strong>,</strong></span> <span class='ocrx_word' id='word_1_89' title='bbox 704 2502 737 2575; x_wconf 81' lang='grc'>1;</span> <span class='ocrx_word' id='word_1_90' title='bbox 760 2492 950 2560; x_wconf 81' lang='lat' dir='ltr'>Macrobius</span> <span class='ocrx_word' id='word_1_91' title='bbox 972 2492 990 2556; x_wconf 94' lang='lat' dir='ltr'>I</span> <span class='ocrx_word' id='word_1_92' title='bbox 1013 2505 1032 2563; x_wconf 91' lang='grc'><strong>7</strong></span> <span class='ocrx_word' id='word_1_93' title='bbox 1041 2541 1049 2574; x_wconf 84' lang='grc'><strong>,</strong></span> <span class='ocrx_word' id='word_1_94' title='bbox 1075 2492 1130 2577; x_wconf 84' lang='lat'>12)</span> 
     </span>
    </p>

    <p class='ocr_par' dir='ltr' id='par_1_11' title="bbox 483 2592 1143 2678">
     <span class='ocr_line' id='line_1_19' title="bbox 483 2592 1143 2678; baseline 0.003 -24"><span class='ocrx_word' id='word_1_95' title='bbox 483 2604 511 2661; x_wconf 86' lang='grc'>4.</span> <span class='ocrx_word' id='word_1_96' title='bbox 537 2594 726 2674; x_wconf 82' lang='grc' dir='ltr'><strong><em>Σαιαμαχία</em></strong></span> <span class='ocrx_word' id='word_1_97' title='bbox 750 2592 891 2677; x_wconf 79' lang='lat' dir='ltr'>(Gellius</span> <span class='ocrx_word' id='word_1_98' title='bbox 915 2594 1005 2657; x_wconf 87' lang='lat' dir='ltr'>XIII</span> <span class='ocrx_word' id='word_1_99' title='bbox 1028 2603 1085 2676; x_wconf 87' lang='grc'><strong>23,</strong></span> <span class='ocrx_word' id='word_1_100' title='bbox 1107 2593 1143 2678; x_wconf 85' lang='grc'>4)</span> 
     </span>
    </p>

    <p class='ocr_par' dir='ltr' id='par_1_12' title="bbox 482 2686 1083 2779">
     <span class='ocr_line' id='line_1_20' title="bbox 482 2686 1083 2779; baseline 0.005 -23"><span class='ocrx_word' id='word_1_101' title='bbox 482 2705 511 2763; x_wconf 87' lang='grc'><strong>5.</strong></span> <span class='ocrx_word' id='word_1_102' title='bbox 532 2686 724 2776; x_wconf 73' lang='grc' dir='ltr'><strong><em>’Τὸροαύων</em></strong></span> <span class='ocrx_word' id='word_1_103' title='bbox 747 2693 891 2776; x_wconf 85' lang='lat' dir='ltr'>(Gellius</span> <span class='ocrx_word' id='word_1_104' title='bbox 916 2694 1005 2759; x_wconf 86' lang='lat' dir='ltr'>XIII</span> <span class='ocrx_word' id='word_1_105' title='bbox 1028 2696 1083 2779; x_wconf 90' lang='grc'>31)</span> 
     </span>
    </p>

    <p class='ocr_par' dir='ltr' id='par_1_13' title="bbox 483 2794 1457 2983">
     <span class='ocr_line' id='line_1_21' title="bbox 483 2794 1457 2884; baseline -0.006 -19"><span class='ocrx_word' id='word_1_106' title='bbox 483 2804 512 2865; x_wconf 87' lang='grc'><strong>6.</strong></span> <span class='ocrx_word' id='word_1_107' title='bbox 538 2795 672 2861; x_wconf 78' lang='lat' dir='ltr'>‘Satura</span> <span class='ocrx_word' id='word_1_108' title='bbox 686 2796 863 2883; x_wconf 77' lang='lat' dir='ltr'>Menippea</span> <span class='ocrx_word' id='word_1_109' title='bbox 885 2820 982 2884; x_wconf 92' lang='lat' dir='ltr'>quam</span> <span class='ocrx_word' id='word_1_110' title='bbox 999 2797 1039 2861; x_wconf 90' lang='lat' dir='ltr'>de</span> <span class='ocrx_word' id='word_1_111' title='bbox 1054 2796 1162 2861; x_wconf 88' lang='lat' dir='ltr'>officio</span> <span class='ocrx_word' id='word_1_112' title='bbox 1178 2795 1289 2860; x_wconf 88' lang='lat' dir='ltr'>mariti</span> <span class='ocrx_word' id='word_1_113' title='bbox 1305 2794 1457 2881; x_wconf 86' lang='lat' dir='ltr'>scripsit’</span> 
     </span>
     <span class='ocr_line' id='line_1_22' title="bbox 624 2897 982 2983; baseline 0.011 -20"><span class='ocrx_word' id='word_1_114' title='bbox 624 2897 766 2983; x_wconf 91' lang='lat' dir='ltr'>(Gellius</span> <span class='ocrx_word' id='word_1_115' title='bbox 790 2897 807 2961; x_wconf 91' lang='lat' dir='ltr'>I</span> <span class='ocrx_word' id='word_1_116' title='bbox 831 2910 887 2979; x_wconf 84' lang='lat'>17,</span> <span class='ocrx_word' id='word_1_117' title='bbox 913 2901 944 2979; x_wconf 83' lang='grc'>4)</span> <span class='ocrx_word' id='word_1_118' title='bbox 955 2899 982 2982; x_wconf 80' lang='grc'>5)</span> 
     </span>
    </p>
   </div>
   <div class='ocr_carea' id='block_1_3' title="bbox 334 2998 1459 3187">
    <p class='ocr_par' dir='ltr' id='par_1_14' title="bbox 334 2998 1459 3187">
     <span class='ocr_line' id='line_1_23' title="bbox 418 2998 1459 3087; baseline 0.001 -24"><span class='ocrx_word' id='word_1_119' title='bbox 418 3000 573 3064; x_wconf 85' lang='lat' dir='ltr'>Proxime</span> <span class='ocrx_word' id='word_1_120' title='bbox 600 3000 651 3064; x_wconf 89' lang='lat' dir='ltr'>his</span> <span class='ocrx_word' id='word_1_121' title='bbox 683 3000 854 3065; x_wconf 87' lang='lat' dir='ltr'>addendae</span> <span class='ocrx_word' id='word_1_122' title='bbox 883 3011 959 3064; x_wconf 90' lang='lat' dir='ltr'>sunt</span> <span class='ocrx_word' id='word_1_123' title='bbox 982 3022 1064 3087; x_wconf 91' lang='lat' dir='ltr'>quae</span> <span class='ocrx_word' id='word_1_124' title='bbox 1088 3001 1222 3085; x_wconf 88' lang='lat' dir='ltr'>cynicae</span> <span class='ocrx_word' id='word_1_125' title='bbox 1245 2998 1459 3086; x_wconf 86' lang='lat' dir='ltr'>appellantur</span> 
     </span>
     <span class='ocr_line' id='line_1_24' title="bbox 334 3100 524 3187; baseline 0.011 -2"><span class='ocrx_word' id='word_1_126' title='bbox 334 3100 390 3185; x_wconf 73' lang='lat' dir='ltr'>(cf-</span> <span class='ocrx_word' id='word_1_127' title='bbox 414 3125 446 3186; x_wconf 80' lang='lat' dir='ltr'>r·</span> <span class='ocrx_word' id='word_1_128' title='bbox 472 3106 524 3187; x_wconf 84' lang='lat'>7)=</span> 
     </span>
    </p>
   </div>
   <div class='ocr_carea' id='block_1_4' title="bbox 334 3374 1480 4715">
    <p class='ocr_par' dir='ltr' id='par_1_15' title="bbox 334 3374 1459 3695">
     <span class='ocr_line' id='line_1_25' title="bbox 334 3374 1459 3441; baseline 0.004 -17"><span class='ocrx_word' id='word_1_129' title='bbox 334 3378 376 3441; x_wconf 84' lang='lat' dir='ltr'>qui</span> <span class='ocrx_word' id='word_1_130' title='bbox 397 3382 504 3426; x_wconf 86' lang='grc'><strong>6666161</strong></span> <span class='ocrx_word' id='word_1_131' title='bbox 529 3375 629 3426; x_wconf 78' lang='lat' dir='ltr'>Tubero</span> <span class='ocrx_word' id='word_1_132' title='bbox 652 3382 677 3424; x_wconf 85' lang='lat' dir='ltr'>et</span> <span class='ocrx_word' id='word_1_133' title='bbox 699 3376 765 3423; x_wconf 84' lang='lat' dir='ltr'>intus</span> <span class='ocrx_word' id='word_1_134' title='bbox 791 3376 959 3426; x_wconf 77' lang='lat' dir='ltr'>subscribitur</span> <span class='ocrx_word' id='word_1_135' title='bbox 982 3379 1014 3426; x_wconf 84' lang='lat' dir='ltr'>de</span> <span class='ocrx_word' id='word_1_136' title='bbox 1036 3378 1135 3441; x_wconf 74' lang='lat' dir='ltr'>oripine</span> <span class='ocrx_word' id='word_1_137' title='bbox 1158 3374 1288 3440; x_wconf 81' lang='grc'><strong>1661666),</strong></span> <span class='ocrx_word' id='word_1_138' title='bbox 1313 3392 1337 3428; x_wconf 91' lang='lat' dir='ltr'>c.</span> <span class='ocrx_word' id='word_1_139' title='bbox 1359 3378 1392 3427; x_wconf 88' lang='grc'>17</span> <span class='ocrx_word' id='word_1_140' title='bbox 1415 3378 1459 3428; x_wconf 87' lang='lat' dir='ltr'>ita</span> 
     </span>
     <span class='ocr_line' id='line_1_26' title="bbox 334 3460 1457 3526; baseline 0.002 -16"><span class='ocrx_word' id='word_1_141' title='bbox 334 3462 420 3510; x_wconf 86' lang='lat' dir='ltr'>habet</span> <span class='ocrx_word' id='word_1_142' title='bbox 438 3462 540 3511; x_wconf 78' lang='lat' dir='ltr'>‘Varro</span> <span class='ocrx_word' id='word_1_143' title='bbox 559 3463 590 3511; x_wconf 85' lang='lat' dir='ltr'>de</span> <span class='ocrx_word' id='word_1_144' title='bbox 608 3476 693 3510; x_wconf 82' lang='lat' dir='ltr'>scaen.</span> <span class='ocrx_word' id='word_1_145' title='bbox 713 3461 777 3526; x_wconf 72' lang='lat' dir='ltr'>erip.</span> <span class='ocrx_word' id='word_1_146' title='bbox 797 3460 861 3511; x_wconf 78' lang='lat' dir='ltr'>libro</span> <span class='ocrx_word' id='word_1_147' title='bbox 878 3462 983 3525; x_wconf 85' lang='lat' dir='ltr'>primo’‚</span> <span class='ocrx_word' id='word_1_148' title='bbox 1002 3461 1042 3510; x_wconf 89' lang='lat' dir='ltr'>nil</span> <span class='ocrx_word' id='word_1_149' title='bbox 1062 3461 1166 3511; x_wconf 88' lang='lat' dir='ltr'>addens</span> <span class='ocrx_word' id='word_1_150' title='bbox 1179 3461 1213 3511; x_wconf 88' lang='lat' dir='ltr'>de</span> <span class='ocrx_word' id='word_1_151' title='bbox 1226 3460 1338 3510; x_wconf 83' lang='lat' dir='ltr'>Scauro.</span> <span class='ocrx_word' id='word_1_152' title='bbox 1359 3462 1457 3524; x_wconf 78' lang='lat' dir='ltr'>Quare</span> 
     </span>
     <span class='ocr_line' id='line_1_27' title="bbox 334 3545 1457 3610; baseline 0.004 -17"><span class='ocrx_word' id='word_1_153' title='bbox 334 3548 444 3595; x_wconf 88' lang='lat' dir='ltr'>unicum</span> <span class='ocrx_word' id='word_1_154' title='bbox 464 3546 666 3595; x_wconf 86' lang='lat' dir='ltr'>coniunctionis</span> <span class='ocrx_word' id='word_1_155' title='bbox 685 3545 893 3595; x_wconf 88' lang='lat' dir='ltr'>fundamentum</span> <span class='ocrx_word' id='word_1_156' title='bbox 906 3545 1007 3595; x_wconf 89' lang='lat' dir='ltr'>leniter</span> <span class='ocrx_word' id='word_1_157' title='bbox 1019 3547 1060 3595; x_wconf 88' lang='lat' dir='ltr'>sic</span> <span class='ocrx_word' id='word_1_158' title='bbox 1078 3551 1145 3610; x_wconf 85' lang='lat' dir='ltr'>puto</span> <span class='ocrx_word' id='word_1_159' title='bbox 1158 3545 1331 3595; x_wconf 88' lang='lat' dir='ltr'>mutandum:</span> <span class='ocrx_word' id='word_1_160' title='bbox 1350 3547 1457 3597; x_wconf 76' lang='lat' dir='ltr'>‘Varro</span> 
     </span>
     <span class='ocr_line' id='line_1_28' title="bbox 336 3629 1081 3695; baseline 0.004 -16"><span class='ocrx_word' id='word_1_161' title='bbox 336 3632 471 3682; x_wconf 82' lang='grc'><strong>(1666666,</strong></span> <span class='ocrx_word' id='word_1_162' title='bbox 491 3635 556 3693; x_wconf 79' lang='lat' dir='ltr'>orig.</span> <span class='ocrx_word' id='word_1_163' title='bbox 577 3630 611 3679; x_wconf 92' lang='lat' dir='ltr'>II</span> <span class='ocrx_word' id='word_1_164' title='bbox 629 3632 698 3680; x_wconf 79' lang='lat' dir='ltr'>etin</span> <span class='ocrx_word' id='word_1_165' title='bbox 716 3630 835 3680; x_wconf 84' lang='lat' dir='ltr'>Scuuro’.</span> <span class='ocrx_word' id='word_1_166' title='bbox 871 3629 914 3683; x_wconf 81' lang='lat' dir='ltr'>of.</span> <span class='ocrx_word' id='word_1_167' title='bbox 935 3630 1081 3695; x_wconf 82' lang='lat' dir='ltr'>appendix.</span> 
     </span>
    </p>

    <p class='ocr_par' dir='ltr' id='par_1_16' title="bbox 335 3712 1459 4020">
     <span class='ocr_line' id='line_1_29' title="bbox 422 3712 1457 3781; baseline 0.004 -19"><span class='ocrx_word' id='word_1_168' title='bbox 422 3712 447 3778; x_wconf 83' lang='lat'>1)</span> <span class='ocrx_word' id='word_1_169' title='bbox 472 3714 663 3779; x_wconf 84' lang='lat' dir='ltr'>Logistoricus</span> <span class='ocrx_word' id='word_1_170' title='bbox 687 3715 898 3767; x_wconf 85' lang='lat' dir='ltr'>incertissimus.</span> <span class='ocrx_word' id='word_1_171' title='bbox 934 3715 975 3764; x_wconf 87' lang='lat' dir='ltr'>Ad</span> <span class='ocrx_word' id='word_1_172' title='bbox 994 3714 1093 3764; x_wconf 89' lang='lat' dir='ltr'>librum</span> <span class='ocrx_word' id='word_1_173' title='bbox 1117 3714 1151 3763; x_wconf 92' lang='grc'>(16</span> <span class='ocrx_word' id='word_1_174' title='bbox 1169 3714 1345 3781; x_wconf 88' lang='lat' dir='ltr'>philosophia</span> <span class='ocrx_word' id='word_1_175' title='bbox 1362 3716 1457 3766; x_wconf 82' lang='lat' dir='ltr'>Kralr-</span> 
     </span>
     <span class='ocr_line' id='line_1_30' title="bbox 335 3798 1459 3865; baseline 0.003 -18"><span class='ocrx_word' id='word_1_176' title='bbox 335 3813 417 3847; x_wconf 90' lang='lat' dir='ltr'>nerus</span> <span class='ocrx_word' id='word_1_177' title='bbox 436 3815 462 3864; x_wconf 88' lang='lat' dir='ltr'>p.</span> <span class='ocrx_word' id='word_1_178' title='bbox 477 3801 492 3847; x_wconf 87' lang='grc'><strong>2</strong></span> <span class='ocrx_word' id='word_1_179' title='bbox 506 3814 557 3863; x_wconf 88' lang='lat' dir='ltr'>sq.‚</span> <span class='ocrx_word' id='word_1_180' title='bbox 579 3799 613 3848; x_wconf 91' lang='lat' dir='ltr'>ad</span> <span class='ocrx_word' id='word_1_181' title='bbox 632 3798 762 3848; x_wconf 84' lang='lat' dir='ltr'>‘Atticum</span> <span class='ocrx_word' id='word_1_182' title='bbox 780 3800 814 3849; x_wconf 88' lang='lat' dir='ltr'>de</span> <span class='ocrx_word' id='word_1_183' title='bbox 834 3800 1004 3849; x_wconf 90' lang='lat' dir='ltr'>muneribus’</span> <span class='ocrx_word' id='word_1_184' title='bbox 1023 3799 1194 3850; x_wconf 86' lang='lat' dir='ltr'>Ritsehelius</span> <span class='ocrx_word' id='word_1_185' title='bbox 1212 3816 1238 3865; x_wconf 88' lang='lat' dir='ltr'>p.</span> <span class='ocrx_word' id='word_1_186' title='bbox 1251 3801 1300 3863; x_wconf 90' lang='lat' dir='ltr'>VI,</span> <span class='ocrx_word' id='word_1_187' title='bbox 1315 3800 1349 3849; x_wconf 90' lang='lat' dir='ltr'>ad</span> <span class='ocrx_word' id='word_1_188' title='bbox 1367 3799 1459 3851; x_wconf 89' lang='lat' dir='ltr'>libros</span> 
     </span>
     <span class='ocr_line' id='line_1_31' title="bbox 335 3874 1458 3951; baseline 0.004 -20"><span class='ocrx_word' id='word_1_189' title='bbox 335 3887 392 3933; x_wconf 88' lang='lat' dir='ltr'>tres</span> <span class='ocrx_word' id='word_1_190' title='bbox 410 3880 476 3947; x_wconf 78' lang='grc' dir='ltr'><strong><em>περὶ</em></strong></span> <span class='ocrx_word' id='word_1_191' title='bbox 494 3874 681 3949; x_wconf 74' lang='grc' dir='ltr'><strong><em>χαρακτήρων</em></strong></span> <span class='ocrx_word' id='word_1_192' title='bbox 700 3900 742 3949; x_wconf 87' lang='lat' dir='ltr'>ap.</span> <span class='ocrx_word' id='word_1_193' title='bbox 763 3884 869 3935; x_wconf 84' lang='lat' dir='ltr'>Charis.</span> <span class='ocrx_word' id='word_1_194' title='bbox 888 3902 914 3949; x_wconf 90' lang='lat' dir='ltr'>p.</span> <span class='ocrx_word' id='word_1_195' title='bbox 930 3886 977 3935; x_wconf 89' lang='grc'>189</span> <span class='ocrx_word' id='word_1_196' title='bbox 995 3885 1165 3935; x_wconf 87' lang='lat' dir='ltr'>Mercklinus</span> <span class='ocrx_word' id='word_1_197' title='bbox 1183 3884 1202 3939; x_wconf 92' lang='lat' dir='ltr'>l.</span> <span class='ocrx_word' id='word_1_198' title='bbox 1222 3901 1246 3939; x_wconf 86' lang='lat' dir='ltr'>c.</span> <span class='ocrx_word' id='word_1_199' title='bbox 1264 3901 1290 3950; x_wconf 87' lang='lat' dir='ltr'>p.</span> <span class='ocrx_word' id='word_1_200' title='bbox 1309 3886 1360 3935; x_wconf 85' lang='grc'>394</span> <span class='ocrx_word' id='word_1_201' title='bbox 1379 3886 1458 3951; x_wconf 81' lang='lat' dir='ltr'>frag-</span> 
     </span>
     <span class='ocr_line' id='line_1_32' title="bbox 336 3969 609 4020; baseline -0.007 -1"><span class='ocrx_word' id='word_1_202' title='bbox 336 3974 458 4020; x_wconf 83' lang='lat' dir='ltr'>mentum</span> <span class='ocrx_word' id='word_1_203' title='bbox 476 3969 609 4019; x_wconf 88' lang='lat' dir='ltr'>referunt.</span> 
     </span>
    </p>

    <p class='ocr_par' dir='ltr' id='par_1_17' title="bbox 335 4052 1480 4206">
     <span class='ocr_line' id='line_1_33' title="bbox 420 4052 1480 4125; baseline 0.001 -20"><span class='ocrx_word' id='word_1_204' title='bbox 420 4054 446 4119; x_wconf 91' lang='grc'><strong>2)</strong></span> <span class='ocrx_word' id='word_1_205' title='bbox 465 4054 555 4103; x_wconf 89' lang='lat' dir='ltr'>Huius</span> <span class='ocrx_word' id='word_1_206' title='bbox 573 4052 638 4103; x_wconf 84' lang='lat' dir='ltr'>libri</span> <span class='ocrx_word' id='word_1_207' title='bbox 657 4054 775 4104; x_wconf 86' lang='lat' dir='ltr'>alterum</span> <span class='ocrx_word' id='word_1_208' title='bbox 787 4070 887 4105; x_wconf 86' lang='lat' dir='ltr'>nomen</span> <span class='ocrx_word' id='word_1_209' title='bbox 901 4053 1084 4119; x_wconf 88' lang='lat' dir='ltr'>Tanaquilem</span> <span class='ocrx_word' id='word_1_210' title='bbox 1103 4068 1164 4104; x_wconf 89' lang='lat' dir='ltr'>esse</span> <span class='ocrx_word' id='word_1_211' title='bbox 1179 4052 1351 4104; x_wconf 85' lang='lat' dir='ltr'>Mercklinus</span> <span class='ocrx_word' id='word_1_212' title='bbox 1364 4071 1392 4120; x_wconf 90' lang='lat' dir='ltr'>p.</span> <span class='ocrx_word' id='word_1_213' title='bbox 1405 4057 1457 4106; x_wconf 87' lang='grc'><strong>392</strong></span> <span class='ocrx_word' id='word_1_214' title='bbox 1477 4118 1480 4125; x_wconf 67' lang='lat'>.</span> 
     </span>
     <span class='ocr_line' id='line_1_34' title="bbox 335 4138 1367 4206; baseline 0 -17"><span class='ocrx_word' id='word_1_215' title='bbox 335 4155 376 4204; x_wconf 86' lang='lat' dir='ltr'>sq.</span> <span class='ocrx_word' id='word_1_216' title='bbox 398 4145 478 4190; x_wconf 85' lang='lat' dir='ltr'>acute</span> <span class='ocrx_word' id='word_1_217' title='bbox 498 4144 526 4189; x_wconf 91' lang='lat' dir='ltr'>et</span> <span class='ocrx_word' id='word_1_218' title='bbox 545 4154 633 4204; x_wconf 85' lang='lat' dir='ltr'>paene</span> <span class='ocrx_word' id='word_1_219' title='bbox 652 4144 683 4189; x_wconf 92' lang='lat' dir='ltr'>ut</span> <span class='ocrx_word' id='word_1_220' title='bbox 701 4155 810 4205; x_wconf 88' lang='lat' dir='ltr'>prorsus</span> <span class='ocrx_word' id='word_1_221' title='bbox 828 4139 1007 4206; x_wconf 83' lang='lat' dir='ltr'>persuaderet</span> <span class='ocrx_word' id='word_1_222' title='bbox 1027 4140 1216 4189; x_wconf 89' lang='lat' dir='ltr'>demonstrare</span> <span class='ocrx_word' id='word_1_223' title='bbox 1236 4138 1367 4204; x_wconf 84' lang='lat' dir='ltr'>suscepit.</span> 
     </span>
    </p>

    <p class='ocr_par' dir='ltr' id='par_1_18' title="bbox 336 4224 1458 4375">
     <span class='ocr_line' id='line_1_35' title="bbox 420 4224 1458 4290; baseline 0 -15"><span class='ocrx_word' id='word_1_224' title='bbox 420 4225 446 4288; x_wconf 88' lang='lat'>3)</span> <span class='ocrx_word' id='word_1_225' title='bbox 466 4224 509 4275; x_wconf 82' lang='lat' dir='ltr'>Cf.</span> <span class='ocrx_word' id='word_1_226' title='bbox 528 4224 687 4273; x_wconf 87' lang='lat' dir='ltr'>Krahnerus</span> <span class='ocrx_word' id='word_1_227' title='bbox 706 4240 732 4289; x_wconf 87' lang='lat' dir='ltr'>p.</span> <span class='ocrx_word' id='word_1_228' title='bbox 745 4228 768 4275; x_wconf 84' lang='lat'>3.</span> <span class='ocrx_word' id='word_1_229' title='bbox 789 4228 820 4275; x_wconf 83' lang='lat'>12</span> <span class='ocrx_word' id='word_1_230' title='bbox 840 4240 878 4290; x_wconf 89' lang='lat' dir='ltr'>sq.</span> <span class='ocrx_word' id='word_1_231' title='bbox 908 4224 1078 4274; x_wconf 84' lang='lat' dir='ltr'>Ritschelius</span> <span class='ocrx_word' id='word_1_232' title='bbox 1097 4242 1123 4289; x_wconf 87' lang='lat' dir='ltr'>p.</span> <span class='ocrx_word' id='word_1_233' title='bbox 1136 4224 1197 4277; x_wconf 92' lang='lat' dir='ltr'>VII.</span> <span class='ocrx_word' id='word_1_234' title='bbox 1215 4239 1242 4288; x_wconf 87' lang='lat' dir='ltr'>p.</span> <span class='ocrx_word' id='word_1_235' title='bbox 1256 4224 1314 4273; x_wconf 84' lang='lat'>503.</span> <span class='ocrx_word' id='word_1_236' title='bbox 1335 4225 1397 4274; x_wconf 84' lang='grc'><strong>547.</strong></span> <span class='ocrx_word' id='word_1_237' title='bbox 1421 4224 1458 4275; x_wconf 90' lang='grc'>(16</span> 
     </span>
     <span class='ocr_line' id='line_1_36' title="bbox 336 4308 1137 4375; baseline 0.004 -18"><span class='ocrx_word' id='word_1_238' title='bbox 336 4309 415 4357; x_wconf 88' lang='lat' dir='ltr'>Varr.</span> <span class='ocrx_word' id='word_1_239' title='bbox 434 4308 543 4375; x_wconf 82' lang='lat' dir='ltr'>discipl.</span> <span class='ocrx_word' id='word_1_240' title='bbox 562 4309 626 4359; x_wconf 89' lang='lat' dir='ltr'>libr.</span> <span class='ocrx_word' id='word_1_241' title='bbox 644 4326 669 4374; x_wconf 90' lang='lat' dir='ltr'>p.</span> <span class='ocrx_word' id='word_1_242' title='bbox 690 4312 730 4359; x_wconf 82' lang='lat'>14.</span> <span class='ocrx_word' id='word_1_243' title='bbox 766 4309 938 4359; x_wconf 86' lang='lat' dir='ltr'>Mercklinus</span> <span class='ocrx_word' id='word_1_244' title='bbox 956 4326 982 4375; x_wconf 86' lang='lat' dir='ltr'>p·</span> <span class='ocrx_word' id='word_1_245' title='bbox 1002 4313 1060 4360; x_wconf 87' lang='grc'><strong>391.</strong></span> <span class='ocrx_word' id='word_1_246' title='bbox 1079 4310 1137 4360; x_wconf 87' lang='grc'><strong>397.</strong></span> 
     </span>
    </p>

    <p class='ocr_par' dir='ltr' id='par_1_19' title="bbox 420 4393 1363 4459">
     <span class='ocr_line' id='line_1_37' title="bbox 420 4393 1363 4459; baseline 0.001 -16"><span class='ocrx_word' id='word_1_247' title='bbox 420 4393 446 4455; x_wconf 88' lang='grc'>4)</span> <span class='ocrx_word' id='word_1_248' title='bbox 467 4393 510 4443; x_wconf 83' lang='lat' dir='ltr'>Of.</span> <span class='ocrx_word' id='word_1_249' title='bbox 528 4394 698 4445; x_wconf 85' lang='lat' dir='ltr'>Ritschelius</span> <span class='ocrx_word' id='word_1_250' title='bbox 717 4410 743 4459; x_wconf 92' lang='lat' dir='ltr'>p.</span> <span class='ocrx_word' id='word_1_251' title='bbox 763 4396 820 4445; x_wconf 79' lang='grc'><strong>542.</strong></span> <span class='ocrx_word' id='word_1_252' title='bbox 850 4393 882 4446; x_wconf 93' lang='grc' dir='ltr'><strong>Ο.</strong></span> <span class='ocrx_word' id='word_1_253' title='bbox 900 4394 1050 4445; x_wconf 88' lang='lat' dir='ltr'>Muellerus</span> <span class='ocrx_word' id='word_1_254' title='bbox 1068 4394 1194 4443; x_wconf 83' lang='lat' dir='ltr'>Etruscis</span> <span class='ocrx_word' id='word_1_255' title='bbox 1212 4393 1241 4445; x_wconf 93' lang='lat' dir='ltr'>II</span> <span class='ocrx_word' id='word_1_256' title='bbox 1258 4409 1285 4458; x_wconf 92' lang='lat' dir='ltr'>p.</span> <span class='ocrx_word' id='word_1_257' title='bbox 1303 4394 1363 4444; x_wconf 81' lang='lat'>335.</span> 
     </span>
    </p>

    <p class='ocr_par' dir='ltr' id='par_1_20' title="bbox 336 4475 1457 4715">
     <span class='ocr_line' id='line_1_38' title="bbox 422 4475 1457 4545; baseline 0.002 -18"><span class='ocrx_word' id='word_1_258' title='bbox 422 4475 448 4543; x_wconf 80' lang='grc' dir='ltr'>ὅ)</span> <span class='ocrx_word' id='word_1_259' title='bbox 469 4478 600 4530; x_wconf 78' lang='lat' dir='ltr'>Consulto</span> <span class='ocrx_word' id='word_1_260' title='bbox 623 4480 798 4545; x_wconf 86' lang='lat' dir='ltr'>praetermisi</span> <span class='ocrx_word' id='word_1_261' title='bbox 819 4478 905 4529; x_wconf 89' lang='lat' dir='ltr'>libros</span> <span class='ocrx_word' id='word_1_262' title='bbox 929 4480 1049 4544; x_wconf 84' lang='lat' dir='ltr'>quinon</span> <span class='ocrx_word' id='word_1_263' title='bbox 1067 4485 1097 4529; x_wconf 90' lang='lat' dir='ltr'>ut</span> <span class='ocrx_word' id='word_1_264' title='bbox 1115 4479 1295 4543; x_wconf 79' lang='lat' dir='ltr'>Menippeas,</span> <span class='ocrx_word' id='word_1_265' title='bbox 1320 4477 1457 4529; x_wconf 83' lang='lat' dir='ltr'>sedata</span> 
     </span>
     <span class='ocr_line' id='line_1_39' title="bbox 336 4560 1457 4631; baseline -0.001 -17"><span class='ocrx_word' id='word_1_266' title='bbox 336 4562 472 4614; x_wconf 79' lang='lat' dir='ltr'>‘Varrone</span> <span class='ocrx_word' id='word_1_267' title='bbox 485 4563 642 4631; x_wconf 85' lang='lat' dir='ltr'>Menippeo’</span> <span class='ocrx_word' id='word_1_268' title='bbox 662 4566 813 4630; x_wconf 87' lang='lat' dir='ltr'>conscripti</span> <span class='ocrx_word' id='word_1_269' title='bbox 832 4562 996 4614; x_wconf 86' lang='lat' dir='ltr'>afferuntur:</span> <span class='ocrx_word' id='word_1_270' title='bbox 1016 4565 1073 4629; x_wconf 77' lang='lat' dir='ltr'>Ape</span> <span class='ocrx_word' id='word_1_271' title='bbox 1084 4566 1158 4615; x_wconf 86' lang='lat' dir='ltr'>modo</span> <span class='ocrx_word' id='word_1_272' title='bbox 1176 4560 1333 4627; x_wconf 83' lang='lat' dir='ltr'>(Charisius</span> <span class='ocrx_word' id='word_1_273' title='bbox 1353 4579 1379 4628; x_wconf 92' lang='lat' dir='ltr'>p.</span> <span class='ocrx_word' id='word_1_274' title='bbox 1395 4563 1457 4627; x_wconf 89' lang='grc'><strong>118)</strong></span> 
     </span>
     <span class='ocr_line' id='line_1_40' title="bbox 337 4646 1306 4715; baseline 0.002 -18"><span class='ocrx_word' id='word_1_275' title='bbox 337 4651 365 4698; x_wconf 89' lang='grc'>61</span> <span class='ocrx_word' id='word_1_276' title='bbox 385 4647 525 4698; x_wconf 76' lang='lat' dir='ltr'>Catamitus</span> <span class='ocrx_word' id='word_1_277' title='bbox 544 4646 710 4714; x_wconf 82' lang='lat' dir='ltr'>(Eutychius</span> <span class='ocrx_word' id='word_1_278' title='bbox 728 4666 755 4715; x_wconf 90' lang='lat' dir='ltr'>p.</span> <span class='ocrx_word' id='word_1_279' title='bbox 775 4651 840 4700; x_wconf 86' lang='grc'><strong>2169</strong></span> <span class='ocrx_word' id='word_1_280' title='bbox 859 4650 889 4699; x_wconf 91' lang='grc' dir='ltr'><strong>Ρ.</strong></span> <span class='ocrx_word' id='word_1_281' title='bbox 910 4651 958 4699; x_wconf 85' lang='grc'>175</span> <span class='ocrx_word' id='word_1_282' title='bbox 976 4649 1034 4715; x_wconf 91' lang='lat' dir='ltr'>L.):</span> <span class='ocrx_word' id='word_1_283' title='bbox 1054 4650 1091 4702; x_wconf 85' lang='lat' dir='ltr'>cl.</span> <span class='ocrx_word' id='word_1_284' title='bbox 1110 4664 1136 4713; x_wconf 91' lang='lat' dir='ltr'>p.</span> <span class='ocrx_word' id='word_1_285' title='bbox 1156 4650 1189 4699; x_wconf 88' lang='grc'><strong>32</strong></span> <span class='ocrx_word' id='word_1_286' title='bbox 1206 4652 1263 4698; x_wconf 88' lang='lat' dir='ltr'>not.</span> <span class='ocrx_word' id='word_1_287' title='bbox 1283 4650 1306 4700; x_wconf 92' lang='grc'>2.</span> 
     </span>
    </p>
   </div>
   <div class='ocr_carea' id='block_1_5' title="bbox 0 0 1787 5709">
    <p class='ocr_par' dir='ltr' id='par_1_21' title="bbox 0 0 1787 5709">
     <span class='ocr_line' id='line_1_41' title="bbox 0 0 1787 5709; baseline 0 0"><span class='ocrx_word' id='word_1_288' title='bbox 0 0 1787 5709; x_wconf 95' lang='lat' dir='ltr'> </span> 
     </span>
    </p>
   </div>
  </div>
 </body>
</html>
