3559 5709
334 677 355 740 6
795 687 923 742 Chl‘l'l
952 687 972 743 l.

335 847 377 911 ad
400 870 510 911 ueram
532 850 689 934 originem
705 848 939 934 Bernhardyus
956 854 1056 915 rct'ert
1072 853 1161 917 hisce
1176 856 1287 920 uerbis
1303 861 1338 919 in
1353 858 1450 922 Rom.

332 947 395 1013 litt.
418 949 493 1014 hist.
515 975 546 1038 p.
563 962 622 1021 597
645 950 695 1015 ed.
719 950 783 1014 IV:
808 958 862 998 ‘-
882 950 998 1016 sobald
1020 954 1067 1017 sic
1090 956 1126 1038 (i.
1149 978 1179 1019 c.
1202 960 1330 1043 satura)
1355 959 1449 1023 einen

335 1052 571 1117 dichterischen
593 1052 636 1115 W
638 1051 709 1116 erth
731 1052 799 1117 und
821 1053 1034 1140 Standprmkt
1057 1079 1123 1119 ron
1153 1058 1212 1122 der
1239 1062 1376 1125 starken
1399 1067 1451 1125 In-

334 1153 542 1220 diuidualitat
564 1158 652 1220 eines
674 1153 827 1219 Dichters
850 1156 1011 1241 empling,
1037 1158 1106 1221 und
1128 1141 1328 1225 in'solchem
1350 1162 1452 1228 Sinne

334 1256 412 1323 darf
429 1256 573 1322 Lucilius
596 1257 647 1320 ihr
668 1257 837 1337 Erfinder,
859 1258 1015 1342 richtiger
1036 1259 1087 1321 ihr
1108 1261 1267 1346 geistiger
1290 1264 1453 1350 Schdpfer

331 1361 483 1426 heissen.'
527 1359 665 1445 Reliqua
694 1358 840 1422 ciusdem
868 1360 969 1424 uerba
991 1385 1056 1425 non
1080 1385 1185 1448 aeque
1212 1364 1260 1427 rei
1282 1375 1364 1452 apta
1384 1390 1454 1432 non

332 1486 422 1547 curo;
445 1463 534 1527 nullo
562 1461 648 1525 eninr
675 1459 771 1524 modo
799 1462 975 1527 artioribus
1003 1486 1101 1549 quam
1128 1476 1226 1530 antea
1253 1467 1377 1532 tinibus
1400 1491 1453 1533 sa·

329 1578 437 1633 turam
465 1589 485 1629 a
514 1563 643 1630 Lucilio
679 1562 956 1649 circumscriptam
989 1564 1110 1646 fuisso,
1144 1577 1182 1631 ut
1213 1569 1248 1631 in
1280 1570 1453 1635 irridendo

329 1670 433 1734 omnis
455 1676 661 1746 uersaretur,
690 1663 743 1728 uel
764 1688 830 1729 una
851 1665 909 1729 illa
932 1679 1045 1732 satura
1074 1669 1151 1731 noni
1172 1668 1252 1734 libri
1273 1682 1453 1755 monstrat,

330 1794 394 1858 qua
416 1767 681 1853 orthographiam
709 1789 806 1852 quam
835 1768 1024 1833 doctissime
1047 1771 1211 1855 exposuit.
1255 1772 1311 1836 Ex
1333 1773 1454 1839 eodem

329 1873 413 1937 libro
435 1892 519 1935 nono
542 1870 751 1957 perspicuum
778 1869 815 1933 fit
841 1869 992 1955 pluribus
1020 1873 1142 1936 saturis
1170 1871 1272 1939 libros
1302 1875 1454 1959 singulos

330 1974 528 2054 constitisse,
545 1995 618 2036 cum
639 1993 778 2055 magnus
794 1971 1008 2058 reliquiarum
1029 1997 1113 2059 quae
1135 1974 1183 2039 ibi
1199 1986 1278 2040 sunt
1292 1999 1454 2043 numerus

330 2100 404 2141 cum
431 2073 690 2160 orthographicis
718 2071 781 2135 illis
809 2074 992 2159 praeceptis
1021 2098 1086 2140 uno
1121 2077 1266 2141 carmine
1299 2101 1366 2143 non
1394 2103 1454 2165 po-

329 2178 429 2244 tuerit
451 2176 621 2242 contineri.
663 2175 779 2261 Neque
800 2176 911 2240 obstat
939 2177 1027 2261 quod
1055 2175 1176 2241 librum
1204 2190 1336 2244 sextum
1365 2181 1455 2247 deci-

329 2302 418 2344 mum
441 2279 497 2365 qui
520 2277 679 2364 ‘Collyra'
702 2276 880 2363 inscriptus
904 2289 985 2360 erat,
1007 2279 1043 2341 in
1065 2279 1191 2357 amicae
1204 2278 1359 2347 laudibus
1378 2306 1455 2348 uer-

259 2446 262 2450 ,
331 2391 437 2447 satum
459 2404 529 2444 esse
553 2389 682 2467 oportet
707 2376 763 2463 (of.
786 2378 969 2464 Porphyrio
986 2382 1021 2444 in
1042 2380 1126 2446 Hor.
1149 2404 1250 2445 carm.
1273 2382 1455 2473 122,10)3

330 2484 432 2548 uariis
467 2483 553 2546 enirn
582 2480 781 2545 carminibus
808 2481 902 2545 uario
925 2483 1020 2548 modo
1050 2483 1080 2546 ci
1107 2483 1155 2547 rei
1183 2484 1317 2549 studere
1344 2488 1458 2572 potuit

330 2608 435 2672 neque
458 2584 580 2649 absone
596 2584 707 2669 Scipio
723 2581 891 2646 Ennianus
915 2582 951 2646 in
967 2585 1246 2671 comparationem
1261 2588 1453 2653 uocabitur.

331 2686 428 2768 Quod
456 2696 566 2751 autem
595 2685 629 2748 in
656 2685 760 2770 primo
788 2683 873 2749 libro
906 2684 962 2768 (cf.
990 2686 1155 2750 Lactantii
1182 2687 1274 2752 instt.
1304 2689 1373 2753 diu.
1402 2690 1456 2754 IV

333 2788 585 2877 3,12)deorum
607 2785 779 2853 consilium
801 2796 834 2851 et
855 2786 890 2849 in
913 2788 1010 2854 tertio
1034 2787 1090 2872 (cf.
1106 2787 1291 2875 Porphyrio
1308 2791 1352 2854 ad
1366 2791 1455 2856 Hor.

332 2914 426 2956 serm.
443 2890 495 2961 I5
518 2890 606 2973 init.)
629 2889 692 2953 iter
714 2887 866 2952 Italicum
890 2888 1065 2976 descripsit
1088 2901 1120 2955 ct
1142 2890 1297 2955 ‘Fornex’
1321 2915 1456 2979 quoque

330 2993 444 3060 titulus
468 3015 569 3058 exeo
601 3000 798 3056 memoratur
825 2991 883 3076 (cf.
906 2992 1075 3057 Amobius
1099 2992 1134 3057 II
1156 2992 1207 3079 6),
1236 2992 1327 3057 nulla
1354 3006 1454 3062 extat

331 3119 431 3161 causa
457 3105 495 3160 ut
516 3117 556 3158 ea
578 3093 689 3159 omnia
710 3116 776 3157 non
803 3093 847 3157 ad
875 3092 1077 3177 singularum
1106 3104 1293 3158 saturarum
1320 3096 1378 3159 sed
1409 3097 1455 3162 ad

330 3197 489 3263 librorum
512 3204 655 3260 totorum
677 3203 870 3278 argumenta
891 3195 1083 3261 referamus.

395 3299 449 3363 Ad
471 3298 653 3363 Varronem
680 3319 753 3360 cum
781 3297 847 3359 iarn
875 3296 937 3360 sim
965 3319 1218 3383 progressurus,
1245 3297 1330 3362 hanc
1357 3301 1456 3383 quasi

332 3425 491 3467 summam
506 3423 615 3465 rerum
630 3399 737 3465 adhuc
752 3407 966 3463 tractatarum
977 3400 1011 3461 in
1027 3400 1215 3464 memoriam
1230 3401 1455 3466 reuocandam

332 3527 464 3569 censeo:
490 3502 635 3567 Ennium
657 3513 689 3567 et
704 3500 867 3566 Lucilium
883 3501 929 3565 eis
950 3510 1080 3566 tantum
1102 3502 1187 3566 inter
1209 3525 1245 3565 se
1266 3502 1454 3569 rationibus

332 3605 463 3669 differre
479 3602 567 3689 quod
589 3602 672 3669 alter
686 3604 848 3669 uarietate
870 3613 1060 3685 metrorum,
1082 3602 1166 3667 alter
1187 3604 1329 3668 maxime
1350 3603 1453 3669 hexa-

331 3705 444 3771 metris
466 3708 545 3768 u'sus
570 3714 635 3787 est,
665 3705 783 3769 deinde
806 3705 894 3791 quod
916 3703 1042 3768 Ennius
1065 3715 1102 3769 ut
1120 3705 1258 3770 ‘uidetur
1278 3728 1453 3791 nusquam,

331 3805 479 3872 Lucilius
503 3806 693 3892 saepissime
714 3806 859 3872 ludibria
878 3807 999 3871 saturis
1014 3807 1202 3873 immiscuit.
1230 3807 1324 3872 Haec
1340 3817 1453 3873 autem

331 3909 519 3997 promiscua
541 3908 588 3971 eis
611 3907 723 3989 fuisse,
747 3918 784 3974 ut
805 3918 1001 3994 argumenta
1015 3930 1113 3995 quam
1128 3909 1272 3974 maxime
1286 3910 1380 3974 uaria
1395 3933 1452 3974 ua-

331 4013 389 4077 riis
413 4011 520 4077 modis
544 4020 738 4093 tractarent,
767 4020 805 4075 ut
827 4009 949 4095 singuli
978 4004 1055 4075 libri
1083 4010 1234 4097 pluribus
1263 4020 1453 4078 constarent

333 4114 465 4195 saturis,
488 4122 525 4176 ut
548 4112 658 4175 omnia
679 4113 818 4198 denique
840 4113 990 4177 uersibus
1015 4124 1125 4178 essent
1148 4112 1338 4199 composita.

395 4216 542 4279 Primum
563 4226 673 4279 tamen
696 4236 734 4279 eo
758 4224 976 4294 reuertamur,
999 4213 1087 4279 unde
1110 4214 1314 4295 defleximus,
1336 4223 1386 4296 ut,
1409 4239 1452 4280 ne

333 4316 413 4404 quid
428 4316 621 4403 praeiudicii
636 4339 679 4381 ex
695 4315 890 4397 Quintiliani
906 4315 1017 4381 uerbis
1041 4318 1183 4381 ‘alterum
1205 4321 1284 4380 illud
1301 4337 1398 4395 uenus
1408 4356 1458 4383 —.

333 4440 404 4483 aon
427 4426 507 4483 solu
520 4427 688 4484 carminum
703 4426 856 4483 uarietate
870 4425 1008 4481 mixtum'
1026 4417 1110 4482 male
1128 4418 1269 4505 acceptis
1285 4418 1452 4485 mentibus

333 4520 467 4585 haerere
494 4524 615 4606 possit,
645 4544 683 4585 ea
711 4530 799 4585 recte
829 4516 1040 4603 explicemus.
1089 4521 1143 4584 Ex
1171 4520 1288 4606 quibus
1317 4530 1354 4584 ut
1381 4519 1453 4585 dixi

333 4621 422 4709 apud
445 4621 685 4702 Quintilianum
706 4622 917 4687 manifestum
938 4618 976 4685 fit
1002 4620 1158 4708 fieretque
1190 4621 1279 4708 apud
1301 4624 1450 4707 quemuis
