3559 5709
392 728 454 793 252
760 735 793 791 M.
818 734 958 792 ΤΕΗΕΝΤΙ
983 736 1141 793 vanuoms

872 857 1027 964 xxxvl

477 1001 516 1065 Id
539 1000 625 1088 quod
647 1011 764 1087 postea
786 1000 894 1064 uirum
917 1022 1066 1066 esse...

863 1102 1038 1168 XXXVII

477 1203 603 1270 Gellius
627 1204 697 1269 XX
720 1215 771 1285 11,
795 1215 814 1273 4
846 1203 1053 1270 ‘Sculnam
1081 1206 1240 1291 scriptum
1269 1228 1344 1271 esse
1374 1206 1413 1269 in
1436 1206 1523 1290 legi·

373 1308 512 1373 storico
535 1306 581 1369 M.
603 1307 775 1389 Varronis,
798 1307 854 1394 qui
877 1306 1069 1374 inscribitur
1091 1307 1193 1373 Catus
1218 1355 1274 1373 ...
1297 1308 1465 1373 Lauinius
1487 1356 1521 1374 ..

391 1410 567 1474 admonet!

764 1701 821 1765 De
844 1699 1006 1766 deorum
1028 1699 1139 1765 cultu

477 1908 683 1992 Augustinus
713 1905 754 1969 de
781 1906 843 1968 eiu.
874 1904 928 1969 dei
955 1905 1024 1970 VII
1052 1914 1071 1975 9
1104 1906 1235 1971 ‘Iouem
1259 1953 1290 1970 ..
1321 1928 1391 1970 uon
1415 1905 1518 1969 alium

391 2020 529 2095 possunt
551 2008 740 2073 existimare
762 2029 860 2094 quam
882 2008 1039 2071 mundum
1063 2056 1121 2073 ...
1144 2007 1184 2072 In
1205 2008 1289 2072 hanc
1312 2008 1519 2073 sententiam

393 2113 491 2176 etiam
519 2110 676 2197 quosdam
703 2131 819 2173 uersus
842 2107 969 2173 Valerii
991 2110 1109 2191 ¹Sorani
1136 2110 1272 2196 exponit
1293 2109 1385 2173 idem
1409 2110 1520 2174 Varro

392 2214 426 2278 in
450 2236 487 2278 eo
505 2211 600 2294 libro,
616 2235 713 2298 quem
737 2234 881 2276 seorsum
898 2211 940 2276 ab
963 2212 1093 2278 istisde
1109 2213 1199 2277 cultu
1214 2212 1351 2277 deorum
1368 2212 1521 2299 scripsit,

391 2316 448 2403 qui
470 2337 585 2380 uersus
608 2314 642 2379 hi
665 2325 755 2379 sunt:

476 2417 624 2504 Iuppiter·
646 2417 848 2502 omnipotens
877 2438 990 2501 regum
1013 2439 1187 2504 rerumque
1210 2416 1374 2503 deumque

476 2520 671 2604 Progeniter
693 2519 918 2603 genetrixque,
943 2517 1040 2582 deum
1069 2518 1160 2599 dene,
1182 2541 1266 2583 unus
1290 2527 1323 2584 et
1344 2540 1477 2584 omnes.

391 2622 611 2708 Exponuntur
633 2629 742 2684 autem
764 2622 798 2683 in
821 2619 936 2686 eodem
958 2619 1041 2686 libre
1064 2620 1126 2701 ita',
1155 2632 1193 2686 ut
1215 2642 1288 2685 eum
1310 2642 1440 2686 marem
1464 2645 1522 2686 ex-

392 2723 576 2788 istimarent
597 2723 653 2808 qui
676 2744 786 2786 semen
814 2722 994 2804 emitteret,
1023 2721 1195 2804 seminam,
1223 2744 1307 2809 quae
1329 2724 1522 2809 acciperet,

392 2827 569 2912 Iouemque
593 2848 663 2889 esse
685 2822 842 2888 mundum
865 2833 898 2888 et
920 2847 994 2888 eum
1016 2825 1126 2888 omnia
1148 2825 1272 2889 semina
1295 2847 1337 2888 ex
1361 2847 1398 2889 se
1423 2826 1523 2890 emit-

392 2938 462 2993 tere
485 2928 573 2993 etin
596 2949 630 2991 se
653 2928 812 3014 reciper03
837 2949 902 3011 qua
923 2950 1041 3009 causa,
1065 2926 1188 3012 inquit,
1211 2925 1342 3011 scripsit
1367 2926 1523 2991 Soranus

393 3030 559 3116 ‘Iuppiter
591 3030 783 3114 progenitor
818 3029 1050 3115 genetrixque'
1084 3050 1145 3092 uec
1173 3028 1280 3091 minus
1309 3050 1386 3092 cum
1416 3052 1524 3094 causa
1551 3037 1563 3047 '

392 3152 493 3193 unum
516 3141 549 3194 et
571 3132 680 3194 omnia
708 3130 795 3195 idem
822 3152 904 3194 esse.
947 3129 1090 3194 Mundus
1120 3128 1206 3193 enim
1233 3151 1317 3194 unus
1346 3139 1383 3195 et
1412 3131 1451 3194 in
1482 3154 1522 3198 ee

392 3255 458 3297 uno
479 3232 591 3309 ,omnia
613 3240 713 3297 sunt?

936 3332 971 3397 II

479 3438 560 3502 Tres
583 3459 661 3501 arae
683 3446 760 3501 sunt
781 3436 815 3499 in
831 3436 917 3499 circo
938 3434 1045 3500 medio
1068 3436 1110 3499 ad
1131 3436 1315 3517 columnas,
1337 3435 1521 3521 inquibus

393 3549 482 3604 stant
504 3541 612 3623 signa:
637 3539 672 3602 in
694 3561 760 3601 una
774 3538 967 3623 inscriptum
990 3536 1059 3601 ‘dis
1074 3538 1231 3622 magnis',
1260 3537 1294 3600 in
1317 3536 1425 3602 altera
1448 3540 1522 3603 ‘dis

392 3640 611 3727 potentibus’,
641 3642 676 3704 in
698 3640 796 3704 tertia
819 3639 888 3704 edis
912 3640 1035 3704 Terrae
1057 3650 1090 3705 et
1110 3638 1233 3704 Caelo!
1278 3638 1318 3703 In
1339 3639 1425 3704 haee
1452 3640 1522 3706 duo

394 3741 522 3806 diuisus
545 3742 697 3805 mundus.

479 3946 652 4011 Terentius
675 3943 809 4031 quidam
831 3968 905 4010 cum
931 3944 1068 4011 haberet
1094 3946 1136 4009 ad
1159 3942 1342 4010 Ianiculum
1370 3944 1524 4011 fundum

393 4058 425 4113 et
447 4048 608 4114 bubulcus
632 4047 701 4112 eius
724 4048 817 4112 iuxta
839 4045 1023 4134 sepulerum
1038 4048 1165 4112 Numae
1180 4045 1334 4132 Pompilii
1356 4047 1523 4112 traiciens

392 4161 539 4216 aratrum
561 4150 700 4215 eruisset
723 4158 875 4214 exterra
898 4148 1000 4214 libros
1024 4149 1110 4231 eius,
1138 4148 1198 4213 ubi
1227 4169 1397 4213 sacrorum
1420 4148 1523 4216 insti·

460 4342 576 4390 XXXVI
593 4341 698 4390 Nonius
716 4341 765 4389 367
784 4356 805 4389 s.
824 4354 851 4392 u.
869 4339 993 4404 Propter.
1014 4354 1049 4389 au
1067 4340 1198 4389 uerum?

462 4408 573 4458 CVRIO
610 4408 653 4457 ef.
672 4407 797 4473 prolegg.
815 4424 842 4472 p.
861 4411 894 4458 37
912 4409 1004 4457 not.4
1054 4408 1083 4456 Π
1099 4408 1207 4457 Probus
1223 4409 1252 4456 in
1270 4406 1352 4471 Verg.
1371 4405 1426 4456 ccl.
1448 4409 1475 4471 6,
1490 4413 1522 4461 31

393 4492 420 4541 p.
438 4478 482 4535 21,
502 4478 570 4539 8K.
606 4477 708 4526 ‘Varro
730 4477 760 4524 in
782 4475 958 4539 logistorien,
983 4477 1030 4539 qui
1053 4475 1216 4525 inscribitur
1238 4473 1320 4524 Curio
1342 4472 1383 4524 de
1403 4475 1524 4527 deorum

394 4542 485 4605 cultu,
510 4549 693 4609 cognomenta
715 4559 877 4609 magnorum
900 4544 1029 4596 deorum.
1044 4584 1051 4596 .
1065 4547 1083 4592 .’
1147 4544 1189 4593 111
1207 4542 1380 4608 Augustinus
1403 4543 1439 4592 de
1466 4546 1523 4595 ciu.

394 4611 440 4661 dei
458 4611 511 4660 VII
528 4614 561 4661 34
590 4617 599 4643 ‘
606 4612 685 4677 Apud
709 4612 824 4661 eundem
847 4613 999 4663 Varronem
1022 4611 1126 4677 legitur
1147 4612 1175 4661 iu
1198 4611 1270 4661 libre
1293 4610 1327 4660 de
1350 4609 1431 4661 cultu
1457 4613 1524 4665 deo·

393 4694 465 4729 rum:
486 4684 546 4729 ...’
582 4678 625 4729 cf.
645 4680 753 4731 Manius
771 4683 874 4733 satura.
