3559 5709
1213 596 1229 634 r

694 694 822 753 eleva
851 696 873 751 ll
1058 751 1062 764 ,
1299 690 1342 755 59

222 883 322 949 quam
344 881 428 947 quae
450 858 572 926 talibus
595 858 706 932 uerbis
729 858 962 945 exprimendae
990 860 1071 941 sint,
1100 857 1245 923 uel'non
1273 860 1343 923 sino

222 962 366 1050 quadam
400 961 569 1025 doctrinae
606 960 703 1047 copia
729 960 952 1026 adhibitorum
978 984 1041 1026 usu
1068 960 1200 1048 prodiit.
1249 960 1343 1025 Haec

221 1065 324 1149 igitur
351 1063 436 1129 ratio
466 1057 609 1128 Varroni
637 1062 771 1128 uidetur
801 1063 951 1149 propria3
984 1085 1105 1147 magna
1132 1072 1241 1128 autem
1269 1062 1341 1126 reli·

222 1167 375 1253 quiarum
394 1186 471 1252 pars
488 1163 626 1231 aliorum
641 1173 812 1250 poetarum
828 1165 1043 1230 imitationem
1058 1173 1170 1250 aperte
1185 1163 1340 1230 ostendit.

223 1268 333 1349 Quam
362 1267 511 1354 quidem,
546 1288 620 1331 cum
648 1266 682 1329 hi
709 1266 774 1354 ipsi
798 1266 947 1354 plerique
974 1266 1104 1331 nonnisi
1132 1288 1191 1351 per
1213 1264 1343 1350 singula
1373 1269 1377 1275 ’

223 1369 370 1435 frustula
392 1370 488 1435 nobis
509 1369 581 1434 noti
604 1368 679 1450 sint,
703 1369 737 1431 in
752 1369 943 1433 uniuersum
958 1368 1109 1433 diuinare
1123 1367 1229 1453 magis
1245 1390 1343 1453 quam

223 1472 348 1557 apertis
372 1472 548 1538 uerborum
571 1469 797 1535 similitudinis
812 1471 964 1556 uestigiis
980 1481 1162 1537 monstrare
1176 1469 1263 1535 licet.
1291 1469 1344 1534 Ita

220 1574 387 1658 tragicum
414 1595 596 1639 sermonem
624 1594 698 1637 cum
726 1572 799 1636 aliis
830 1572 911 1639 locis
933 1581 1004 1637 tum
1024 1571 1250 1658 pulcherrimis
1271 1594 1343 1636 uer-

225 1675 320 1741 sibus
342 1675 538 1761 Mareiporis
567 1675 613 1760 fg.
637 1674 766 1739 II-VI
787 1674 872 1740 bene
895 1673 1078 1740 aemulatus
1100 1683 1167 1756 est,
1195 1674 1344 1739 nimium·

223 1801 289 1864 que
318 1778 418 1842 etiam
445 1798 509 1865 quo
540 1797 645 1842 sermo
674 1775 729 1841 ille
757 1799 993 1863 nonnunquam
1023 1775 1159 1841 inclInat
1184 1786 1344 1842 tumorem

222 1880 435 1966 Papiapapae
463 1879 510 1964 fg.
533 1878 626 1946 I-V
655 1889 744 1945 reete
770 1879 945 1964 expressit.
997 1878 1207 1944 Comicorum
1234 1887 1344 1944 autem

223 1982 445 2048 imitationem
460 2004 533 2046 raro
549 1982 695 2046 inuenies
699 1982 742 2066 ,¹)
766 2003 870 2066 neque
884 1979 988 2047 multo
1004 1981 1136 2068 saepius
1151 1980 1239 2067 quod
1255 1981 1344 2067 cqui-

222 2084 301 2148 dem
316 2084 417 2149 miror
431 2105 548 2149 uersus
571 2083 614 2148 ad
628 2083 852 2147 Ennianorum
868 2081 1034 2147 annalium
1049 2081 1216 2169 exemplar
1237 2082 1344 2149 factos

224 2186 420 2271 reperimus,
437 2207 634 2272 quamquam
650 2194 851 2271 quantopere
865 2186 925 2250 hos
941 2184 1043 2251 libros
1060 2184 1166 2251 Varro
1183 2185 1345 2250 adamarit

220 2288 330 2353 multa
350 2288 539 2354 testimonia
561 2286 648 2352 etin
672 2286 744 2350 aliis
767 2285 861 2351 libris
885 2298 918 2352 et
940 2288 975 2350 in
996 2288 1076 2373 ipsis
1093 2288 1213 2352 saturis
1236 2288 1345 2373 posita

223 2388 315 2455 clare
338 2389 526 2455 ostendunt.
571 2387 728 2472 Elegiaeo
752 2410 881 2475 quoque
903 2399 1006 2453 metro
1037 2399 1104 2453 tam
1131 2387 1236 2454 nitide
1264 2412 1343 2453 usus

222 2503 289 2564 est,
306 2490 465 2575 (Κοσμοτ.
489 2489 568 2557 VH.
593 2482 693 2565 ''ovog
714 2485 820 2574 λύρας
835 2490 968 2576 XXII),
991 2501 1118 2558 utnon
1141 2491 1211 2555 sine
1234 2489 1344 2576 aliquo

223 2601 359 2659 auctore
381 2592 417 2657 id
438 2592 558 2658 fecisse
575 2592 812 2659 existimandus
829 2593 883 2674 sit,
907 2615 1003 2679 quem
1017 2592 1187 2658 nominare
1203 2593 1237 2657 in
1253 2601 1346 2657 tanta

220 2695 460 2783 poematiorum
487 2695 696 2761 multitudine
717 2716 783 2759 non
803 2717 988 2781 possumus.
1023 2696 1070 2760 At
1089 2695 1124 2759 in
1144 2696 1343 2760 hexametris

222 2798 357 2883 saepius
386 2820 484 2884 quam
512 2798 701 2863 Ennianum
736 2819 918 2863 sermonem
946 2796 1152 2862 Lucilianum
1184 2797 1344 2878 imitatur,

222 2922 327 2989 quare
355 2900 392 2964 fit
414 2909 465 2983 ut,
498 2899 587 2987 quod
608 2901 753 2965 curatius
780 2899 870 2963 infra
892 2909 1091 2985 exponetur,
1119 2897 1290 2964 humillimi
1312 2910 1345 2964 et

222 3002 371 3067 maxime
386 3001 520 3066 demissi
534 3001 694 3067 Varronis
710 3024 825 3067 uersus
841 3002 928 3065 inter
942 3002 1151 3067 hexametros
1167 2999 1345 3087 quaerendi

222 3105 304 3171 sint.
342 3105 518 3170 Praeterea
539 3114 649 3169 autem
671 3127 735 3170 non
757 3102 975 3190 improbabile
996 3103 1141 3186 uidetur,
1163 3105 1345 3169 Varronem

223 3207 388 3273 hominem
418 3205 642 3271 doctissimum
670 3216 785 3293 poetas
814 3205 915 3271 etiam
943 3205 1178 3287 didascalicos,
1207 3228 1346 3292 quorum

221 3331 364 3394 magnus
386 3319 464 3374 tune
486 3330 641 3373 numerus
665 3310 789 3375 Romae
812 3307 1018 3390 effloruerat,
1046 3331 1114 3374 non
1141 3309 1211 3372 sino
1234 3307 1345 3372 studio

221 3410 345 3495 legisse
377 3412 412 3475 in
440 3433 617 3498 eorumque
644 3411 665 3475 i.
694 3436 723 3476 e.
753 3410 850 3476 Porci
876 3409 999 3493 Licini,
1032 3408 1164 3475 Volcati
1193 3408 1344 3493 Sedigiti,
1424 3408 1426 3412 ’

221 3512 340 3594 Valeri
362 3513 490 3595 Sorani,
513 3514 551 3578 L.
569 3511 651 3595 Atti,
675 3512 813 3578 aliorum
836 3511 967 3576 dicendi
988 3533 1091 3596 genus
1113 3533 1346 3598 nonnunquam

175 3630 177 3633 ’
222 3614 401 3696 cecidisse,
436 3616 523 3700 quod
546 3615 678 3703 quidem
706 3615 742 3678 in
771 3613 970 3679 tetrametris
999 3613 1192 3695 trochaicis,
1226 3613 1344 3699 quibus

221 3717 275 3782 illi
297 3717 494 3803 permultum
522 3717 575 3782 usi
596 3726 687 3799 sunt,
715 3738 790 3781 raro
811 3716 1014 3797 inuenimus,
1043 3714 1086 3780 cf.
1109 3715 1242 3781 Andab.
1266 3712 1345 3780 VII.

217 3820 371 3884 'Bimare
395 3819 517 3903 XXII3
531 3859 535 3869 ·
548 3841 647 3906 saepe
669 3828 779 3884 autem
801 3819 836 3881 in
857 3818 1058 3882 hexametris
1082 3816 1345 3882 animaduertere

221 3921 314 4002 licet,
338 3919 378 3985 ef.
398 3920 496 4007 Capr.
519 3919 620 4007 proel.
643 3922 689 3986 II.
706 3921 845 3985 Eumen.
861 3919 1070 3985 XVI—XX.
1094 3924 1232 4002 Γεροντ.
1248 3918 1344 3983 VIII.

222 4022 359 4089 Tithon.
383 4023 437 4088 III
465 4022 535 4106 all.;
564 4024 682 4111 quibus
710 4022 901 4109 plerumque
929 4023 1040 4087 nescio
1063 4044 1147 4109 quae
1170 4020 1265 4087 tarda
1288 4019 1344 4084 du-

220 4125 308 4189 ritas
331 4124 463 4210 inest.²)
507 4125 597 4207 Quid
620 4124 770 4211 quodne
792 4126 828 4188 in
851 4124 1001 4189 distichis
1024 4124 1158 4212 quidem
1180 4122 1343 4207 elegiacis,

316 4312 344 4381 1)
363 4316 431 4367 Vide
451 4330 522 4380 quae
544 4316 574 4365 in
591 4316 644 4366 hoe
664 4316 756 4381 capite
775 4314 831 4363 dixi
850 4316 884 4364 de
902 4314 1036 4381 Epitaph.
1054 4314 1075 4366 1.
1099 4315 1175 4363 Eum.
1196 4312 1344 4366 1.11.111.

220 4400 325 4453 XLIV.
365 4398 425 4451 Τοῦ
448 4416 533 4463 πατρ.
556 4415 580 4453 τ.
605 4416 634 4454 π.
658 4401 680 4453 Ι.
713 4400 786 4451 Glor.
809 4400 832 4449 I.
863 4400 988 4463 Koupron·
1005 4400 1053 4451 IV.
1083 4398 1158 4451 Man.
1177 4397 1235 4451 XV.
1254 4398 1343 4449 XXII.

220 4486 295 4537 Bim.
315 4485 417 4537 XVIII.
441 4485 518 4549 Sesq.
537 4485 568 4535 V.
588 4485 649 4537 VII.
672 4485 754 4551 Myst.
774 4486 825 4537 III.
1218 4507 1220 4510 v

311 4568 341 4634 2)
360 4571 462 4621 Horati
483 4569 656 4621 hexametros
680 4586 875 4635 nonnunquam
897 4570 926 4619 in
948 4584 1028 4619 aures
1051 4572 1164 4619 uocant.
1196 4556 1287 4632 Ἅνθρ.
1304 4567 1344 4618 lI:

220 4663 292 4707 ‘non
311 4658 345 4719 fit
367 4655 510 4706 thesuaris’
534 4669 593 4721 sqq.
618 4656 654 4709 cf.
674 4655 760 4705 Serm.
779 4656 793 4705 Ι
813 4657 840 4719 1,
867 4657 895 4704 1:
920 4653 984 4715 ‘Qui
996 4656 1039 4718 fit,
1058 4654 1214 4705 Maeccnua’
1231 4666 1292 4720 sqq.
1310 4676 1344 4689 -
