3559 5709
433 723 484 792 88,
906 726 1033 783 CAPVT
1062 727 1085 783 ll

432 893 499 957 iam
524 893 690 977 hucusque
714 912 752 955 eo
774 890 926 970 uidimus,
949 890 1036 975 quod
1057 892 1182 977 primus
1205 900 1290 975 erat,
1313 894 1370 978 qui
1394 891 1559 958 Graecam

435 995 641 1060 seueritatem
664 1015 819 1057 uersuum
848 993 1062 1057 iambicornm
1085 1002 1117 1057 et
1138 992 1376 1058 trochaicorum
1399 996 1491 1081 parti
1512 994 1559 1057 in-

434 1095 524 1177 tulit,
557 1117 737 1181 uersasque
767 1094 919 1169 claudos,
952 1094 1091 1175 ionicus,
1122 1095 1333 1179 galliambos,
1365 1095 1557 1183 glyconeos,

435 1198 689 1277 choriambicos,
723 1195 1032 1281 hendecasyllabos,
1066 1206 1223 1280 quantum
1260 1197 1395 1278 scimus,
1433 1197 1557 1263 Romae

435 1299 588 1381 excoluit,
612 1307 797 1384 postremus
820 1307 929 1361 autem
953 1300 1008 1384 qui
1032 1299 1272 1363 trochaicorum
1294 1310 1327 1365 et
1341 1300 1568 1384 iambicorum

434 1423 587 1467 uersuum
610 1408 643 1465 et
669 1401 863 1465 uarietatem
890 1410 923 1463 et
944 1400 1162 1486 frequentiam
1183 1401 1384 1488 claudosque
1409 1411 1557 1489 septena

433 1504 498 1568 rios
522 1513 554 1569 et
576 1511 651 1566 ante
674 1500 830 1567 Serenum
853 1501 1100 1588 aristophaneos
1123 1504 1155 1567 in
1179 1526 1241 1567 usu
1261 1504 1389 1569 habuit.

409 1689 411 1695 Α
519 1605 616 1668 Hunc
638 1602 782 1667 medium
804 1602 912 1667 locum
934 1603 1118 1669 Varronem
1147 1606 1326 1669 obtinuisse
1348 1604 1383 1669 in
1407 1606 1455 1670 eis
1480 1628 1557 1692 quo·

434 1729 497 1792 que
518 1705 713 1784 uidebimus,
730 1725 811 1789 quas
835 1693 922 1769 nuno
944 1728 1003 1792 per
1018 1717 1162 1772 saturam
1184 1707 1431 1773 obseruationes
1454 1708 1499 1796 de
1521 1728 1557 1772 eo

434 1808 587 1873 metricas
610 1804 764 1892 pandam.
809 1806 949 1871 Omnino
979 1808 1066 1871 enim
1094 1809 1313 1894 antiquiorum
1341 1808 1490 1894 uestigia
1513 1832 1558 1873 se·

435 1910 546 1996 quitur
574 1907 608 1972 in
636 1907 887 1993 opprimendas
914 1908 1024 1973 littera
1052 1911 1085 1973 in
1115 1909 1235 1974 finibus
1268 1911 1446 1976 uerborum
1475 1911 1558 1975 inse-

435 2011 610 2098 quentibus
643 2010 909 2074 consonantibus.
960 2010 1000 2075 Id
1033 2012 1121 2098 quod
1153 2013 1188 2075 in
1220 2011 1429 2093 hexametro,
1458 2035 1559 2077 uersu

434 2113 565 2197 legibus
583 2111 707 2175 seueris
723 2119 919 2193 constructe,
944 2114 1065 2197 optime
1080 2113 1285 2195 obseruatur,
1302 2114 1360 2179 ubi
1381 2113 1560 2199 legendum

436 2225 486 2280 est
507 2220 580 2278 cita'
603 2218 696 2277 cetsa’
719 2213 824 2299 (Ag.),
843 2218 948 2292 pecta'
973 2204 1136 2301 (lauba),
1161 2221 1262 2280 dtuiti’
1286 2214 1415 2301 (ibid),
1444 2197 1558 2282 morta

434 2322 509 2381 libu'
535 2313 645 2400 (Capr.
669 2316 750 2402 pn),
774 2321 896 2380 bucina'
921 2314 951 2399 (l
973 2314 1068 2379 Eum.
1092 2316 1245 2401 XVIII),
1267 2322 1431 2398 sumptcbu’
1455 2326 1490 2383 et
1518 2325 1559 2382 le·

434 2423 523 2497 qiba'
547 2415 674 2501 (Mam),
700 2426 830 2495 maqaa’
854 2416 1050 2502 (Marcop.),
1070 2422 1191 2483 Enniu'
1216 2409 1331 2503 (Oa).
1375 2418 1418 2482 In
1438 2420 1560 2486 iambis

436 2520 640 2585 trochaeisue
662 2519 754 2582 haec·
767 2527 843 2582 sunt
865 2518 1016 2604 exempla
1041 2520 1076 2583 in
1103 2520 1221 2606 quibus
1243 2519 1372 2585 Graeca
1398 2522 1560 2589 seueritas

436 2621 626 2705 ceteroquin
649 2619 798 2683 adhibita
825 2620 958 2685 breuem
982 2616 1144 2707 'syllabam
1172 2621 1396 2708 accipiendam
1419 2624 1561 2711 ideoque
1610 2626 1615 2636 '

436 2748 450 2789 s
473 2724 616 2787 litteram
638 2719 810 2785 delendam
830 2722 962 2786 suadet:
987 2728 1108 2787 uocibu'
1133 2723 1275 2809 (Eum),
1298 2730 1379 2789 uec?
1403 2734 1437 2789 et
1457 2732 1560 2804 qalla’

437 2817 558 2913 (Ὅτι),
592 2827 698 2887 cerat?
727 2823 889 2909 (Prona),
924 2830 996 2904 opa’
1029 2825 1198 2911 (Quinq.),
1226 2832 1357 2906 panon?
1387 2826 1560 2912 (Sexag.).

436 2927 490 2992 Sic
512 2927 595 2993 bene
610 2931 704 2990 matri
711 2933 719 2959 '
742 2923 869 3011 (Eum.)
884 2928 918 2989 in
941 2926 1132 3011 galliambo,
1155 2933 1313 3006 insinuata
1337 2919 1440 3012 (Ἕχω
1457 2928 1513 3015 σε)
1527 2930 1560 2993 in

332 3107 336 3114 q
436 3031 571 3110 cretIco,
600 3033 727 3092 nubibu’
751 3037 785 3091 et
800 3034 999 3092 uehementia’
1023 3026 1145 3114 (Sesq.)
1167 3030 1201 3093 in
1224 3029 1374 3111 sotadeo,
1396 3030 1560 3117 uniceque

436 3141 524 3195 recte
557 3137 681 3206 coruui’
712 3129 837 3216 (Eum.)
866 3131 900 3192 in
928 3129 1104 3214 galliambo
1138 3129 1269 3215 legitur.
1325 3130 1420 3211 Quae
1451 3135 1562 3198 omnia

437 3255 511 3297 cum
532 3232 579 3294 ita
601 3229 774 3295 scribenda
803 3240 840 3294 ut
867 3231 1118 3316 pronuncianda
1146 3243 1222 3298 sunt
1249 3232 1499 3297 Lachmannum
1528 3235 1561 3298 in

436 3335 533 3399 Lucr.
564 3333 581 3397 Ι
611 3340 671 3403 186
705 3340 836 3397 secutus
871 3343 904 3397 et
935 3332 1146 3398 utilissimum
1179 3343 1212 3398 et
1239 3334 1460 3399 rectissimum
1494 3358 1561 3400 cre

437 3437 523 3518 dam,
545 3435 620 3501 nolo
643 3445 753 3499 tamen
776 3434 905 3520 longius
928 3434 1011 3500 hanc
1034 3436 1243 3500 nouationcm
1266 3436 1446 3501 extendere
1461 3460 1563 3525 quam

436 3540 471 3600 in
494 3561 549 3603 eos
572 3536 661 3601 locos
683 3536 741 3601 ubi
756 3536 941 3601 Varronem
956 3537 1063 3623 ipsum
1086 3537 1169 3601 hanc
1188 3536 1331 3601 litteram
1345 3539 1562 3624 pronunciari

436 3637 581 3703 noluisse
602 3637 756 3701 metricae
778 3640 867 3723 leges
891 3662 1025 3725 prorsus
1048 3647 1171 3703 certum
1193 3638 1336 3704 reddunt
1345 3639 1383 3724 ¹).

523 3737 732 3824 Syllabarum
755 3749 862 3803 autem
890 3742 1108 3827 quantitatem
1130 3741 1266 3805 eandem
1294 3740 1417 3827 ubique
1449 3743 1563 3809 obser-

437 3852 506 3922 uat,
530 3863 628 3926 quam
650 3848 765 3925 poetae
788 3844 995 3923 recentiores,
1017 3843 1083 3907 nisi
1105 3842 1193 3930 quod
1216 3848 1425 3907 ‘Hannibalis’
1444 3844 1563 3930 (Herc,

437 3955 461 4010 t.
484 3943 509 4008 f.
531 3942 561 4029 I)
585 3941 746 4029 producta
767 3944 969 4030 paenultima
991 3943 1177 4011 adhibendo
1200 3948 1354 4009 ‘Plautum
1376 3956 1405 4009 et
1428 3951 1563 4011 Ennium

437 4052 604 4125 multosque
626 4051 703 4109 ulios
724 4051 851 4110 ueteres’
875 4046 1033 4133 sequitur,
1056 4056 1093 4109 ut
1113 4046 1227 4109 Valeri
1249 4045 1348 4111 Probi
1372 4045 1463 4132 apud
1485 4048 1564 4113 Gel-

436 4147 515 4211 lium
537 4146 586 4211 IV
611 4156 629 4214 7
652 4146 762 4210 uerbis
792 4147 832 4210 de
854 4147 953 4211 huius
976 4148 1100 4211 formae
1123 4147 1310 4213 auctoribus
1333 4156 1420 4211 utar.

523 4248 718 4334 Syniaeseos
746 4270 875 4335 quoque
904 4272 970 4315 non
997 4251 1155 4313 minorem
1182 4272 1280 4334 quam
1307 4248 1434 4336 priores
1463 4249 1564 4317 liber-

440 4405 526 4413 —Q-
534 4406 575 4412 -i-
586 4408 611 4412 ..-
621 4408 641 4413 ..-

525 4504 550 4567 1)
569 4507 601 4554 In
618 4506 697 4557 libris
717 4511 809 4557 autem
827 4506 932 4556 nullum
952 4508 1010 4556 eius
1028 4507 1181 4571 scripturae
1194 4508 1387 4557 Varronianus
1406 4509 1564 4575 uestigium

440 4592 523 4646 extat,
542 4590 595 4638 nisi
614 4592 685 4641 forte
704 4598 746 4642 est
768 4592 836 4640 illud
861 4592 933 4655 quod
955 4592 1039 4640 Nonii
1059 4591 1293 4657 Guelferbytanus
1317 4609 1343 4657 p.
1362 4594 1379 4641 4
1399 4589 1462 4658 (Ag.
1482 4593 1563 4659 VIII)

438 4676 489 4724 cita
507 4674 596 4739 prima
614 4691 696 4725 manu
715 4676 836 4739 exhibet,
854 4693 867 4724 s
886 4678 921 4725 ab
941 4675 1031 4726 altera
1050 4677 1156 4727 demum
1176 4677 1293 4729 adiecta.
