3559 5709
809 727 939 783 ovar
970 727 979 781 Ι
1414 722 1455 785 31

332 916 575 993 argumentum.
604 906 769 971 ‘Tertium
792 929 834 970 ex
856 907 984 971 ratione
1007 905 1254 992 inscriptionum
1278 929 1379 993 supra
1402 906 1456 971 do-

331 1011 459 1095 soripto
475 992 640 1095 repetetur
650 1010 683 1095 ι).
718 1009 788 1072 Iam
804 1006 1065 1092 logistorioorum
1080 1006 1221 1071 indicem
1236 1009 1456 1074 conficiemus.

514 1120 543 1178 1.
567 1108 668 1174 Catus
915 1110 956 1175 de
978 1109 1090 1174 liberis
1115 1108 1295 1174 educandis

512 1220 541 1280 2.
564 1210 707 1275 Messala
771 1215 775 1225 “
913 1211 953 1276 de
976 1210 1164 1275 ualetudine
1172 1211 1200 1296 ²)

511 1321 541 1383 3.
564 1313 697 1378 Tubero
913 1313 954 1378 de
978 1313 1102 1397 origine
1123 1312 1303 1388 humanai)

514 1424 543 1483 4.
567 1414 666 1480 Curio
918 1414 958 1479 de
982 1414 1115 1479 deorum
1139 1413 1259 1499 cultu4)

512 1526 541 1585 5.
564 1516 690 1581 Marius
917 1515 957 1580 de
980 1516 1147 1599 fortuna⁵)

515 1626 546 1687 6.
569 1619 701 1683 Atticus
921 1617 962 1682 de
984 1618 1126 1681 numeris
1135 1619 1161 1704 ὕ)

512 1731 541 1789 7.
566 1719 700 1786 Orestes
923 1718 963 1783 de
985 1719 1118 1783 insania

512 1832 541 1892 8.
564 1821 643 1885 Pius
921 1820 962 1885 de
984 1843 1065 1907 pace

511 1933 542 1993 9.
568 1923 708 1988 Sisenna
924 1922 964 1988 de
987 1922 1126 1988 historia

491 2033 542 2093 10.
565 2022 683 2090 Gallus
703 2025 896 2090 Fundanius
923 2024 964 2089 de
987 2023 1191 2089 admirandis

490 2135 540 2195 11.
564 2126 705 2191 Scaurus
716 2127 744 2212 7)
1008 2165 1052 2173 -

334 2257 340 2261 .
343 2248 544 2260 .--.-------

424 2298 450 2364 1)
470 2300 533 2349 ‘Die
553 2300 649 2349 innere
669 2298 850 2358 Oeconomie,
870 2298 915 2349 die
934 2299 1068 2372 Fiirbung
1085 2299 1135 2349 der
1151 2298 1265 2349 Diction
1282 2298 1394 2349 miissen
1412 2298 1458 2348 die

330 2383 543 2439 Unterschiede
562 2384 682 2434 bewirkt
705 2384 814 2434 haben’
837 2383 1009 2434 Mercklinus
1032 2383 1051 2435 l.
1071 2400 1095 2435 c.
1115 2399 1141 2447 p.
1159 2384 1224 2445 3953
1251 2398 1340 2447 neque
1364 2387 1459 2433 tamen

330 2473 397 2536 ipse
417 2472 548 2535 quantum
567 2468 648 2519 licuit
664 2468 736 2519 hanc
756 2470 926 2519 sententiam
945 2467 1080 2518 adhibuit.

423 2552 449 2618 1)
469 2553 593 2603 Eundem
612 2557 710 2604 censet
727 2553 799 2604 hunc
817 2552 1103 2603 librum'Ritsehelius
1122 2552 1140 2602 1.
1160 2568 1184 2602 0.
1203 2552 1243 2601 VI
1260 2569 1287 2618 p.
1306 2553 1355 2603 502
1375 2556 1458 2618 atque
1537 2547 1547 2564 ‘

331 2642 381 2690 ‘de
404 2640 548 2689 ualetudine
572 2641 666 2689 tuenda
689 2640 778 2689 librum
800 2640 832 2689 1’
861 2638 934 2703 apud
956 2638 1153 2703 Hieronymum
1182 2642 1376 2701 memoratum,
1410 2638 1457 2689 ob·

330 2726 467 2776 locuntur
489 2723 600 2774 Keilius
619 2722 700 2773 Obss.
725 2723 785 2776 crit.
810 2724 838 2772 in
863 2720 960 2774 Caton.
990 2726 1019 2773 et
1041 2723 1157 2775 Varron.
1181 2722 1214 2772 de
1238 2739 1258 2776 r.
1278 2738 1298 2775 r.
1323 2739 1349 2788 p.
1374 2725 1406 2774 61
1431 2727 1460 2774 01

331 2807 509 2859 Mercklinus
534 2808 553 2860 l.
575 2822 597 2861 0.
617 2824 643 2873 p.
663 2809 721 2861 396.
758 2808 828 2857 Num
852 2804 1034 2871 (Valerium)
1057 2806 1203 2857 Messalam
1226 2806 1258 2857 de
1283 2807 1457 2858 ualetudine

330 2896 414 2946 lusus
436 2892 579 2943 uerborum
609 2908 709 2957 eausa,
737 2892 835 2958 quales
865 2894 894 2942 in
918 2908 1008 2943 rerum
1034 2891 1199 2941 rusticarum
1222 2891 1301 2943 libris
1325 2892 1458 2943 adhibere

330 2978 418 3039 solet,
436 2977 595 3031 coniunxit?

424 3059 453 3127 3)
471 3061 596 3112 Eandem
615 3077 681 3126 rem,
700 3062 748 3113 sed
763 3066 838 3114 certo
852 3060 943 3127 aliter,
963 3062 991 3110 in
1003 3059 1198 3126 Aboriginibus
1210 3064 1304 3110 satura
1316 3062 1458 3116 tractauit,

423 3145 449 3211 4)
468 3147 511 3196 De
535 3147 588 3197 hoe
610 3146 681 3197 libro
700 3148 862 3197 Krahnerus
886 3146 1031 3196 ‘Varronis
1050 3145 1132 3195 Curio
1156 3145 1232 3197 1851‘
1255 3161 1321 3195 nere
1346 3146 1459 3211 egregie

333 3232 405 3299 egit,
419 3246 581 3297 quamquam
593 3232 639 3282 hic
658 3232 716 3281 illic
734 3233 817 3297 paulo
831 3233 967 3298 argutius,
988 3232 1022 3282 ad
1041 3232 1118 3281 euius
1136 3230 1259 3282 libellum
1277 3230 1378 3295 refero,
1397 3246 1458 3281 cum

331 3318 366 3367 in
384 3317 438 3366 hoc
461 3316 494 3367 de
518 3317 621 3367 saturis
644 3316 715 3368 libro
740 3317 832 3367 omnia
855 3318 927 3368 haec
951 3316 1115 3383 singillatim
1137 3318 1310 3381 pertractare
1335 3316 1458 3380 ineptum

333 3406 421 3453 esset.
457 3401 542 3452 Liber
561 3402 734 3468 conscriptus
753 3406 796 3452 est
814 3405 877 3467 post
896 3418 921 3454 a.
940 3418 966 3450 0.
986 3402 1045 3463 687,
1066 3401 1103 3450 cf,
1122 3399 1282 3450 Krahnerus
1299 3415 1326 3464 p.
1345 3401 1377 3449 16
1395 3415 1435 3465 sq.

427 3487 453 3549 5)
478 3486 520 3537 cf.
545 3492 669 3556 saturam
685 3474 760 3551 ’Ἐχω
782 3500 812 3537 σε
841 3483 919 3551 [περὶ
941 3478 1057 3551 τύχης];
1084 3484 1155 3535 liber
1178 3488 1240 3549 post
1261 3484 1354 3534 uarios
1375 3483 1459 3534 Marii

333 3586 421 3624 casus
441 3571 478 3634 (a.
497 3586 524 3621 u.
544 3588 567 3622 c.
588 3571 648 3636 667)
668 3571 848 3635 conscriptus.

426 3654 452 3718 6)
471 3654 518 3706 Sic
537 3656 648 3706 codices
668 3660 743 3706 recte
764 3655 896 3706 exhibent
915 3655 959 3719 (de
977 3654 1136 3705 muneribus
1153 3654 1308 3717 Manutius,
1332 3654 1458 3705 Ritsche-

332 3743 394 3793 lius
419 3740 452 3791 de
475 3740 549 3808 legg.
572 3758 599 3807 p.
617 3741 668 3803 V):
699 3758 715 3790 a
739 3740 934 3807 chronologico
962 3740 1082 3791 fortasse
1111 3738 1186 3790 illius
1213 3755 1296 3805 opere
1320 3739 1459 3789 exordium

334 3828 485 3891 sumptum.

425 3908 454 3975 7)
473 3911 574 3961 ‘Varro
592 3912 619 3960 in
637 3910 747 3961 Scauro’
768 3928 784 3961 a
797 3909 925 3961 Charisio
944 3915 1042 3975 quater
1059 3909 1198 3961 laudatur.
1235 3908 1348 3960 Seruius
1367 3914 1459 3959 antem

334 4011 401 4046 cum
424 3996 452 4043 in
476 3994 575 4062 Georg.
595 3998 608 4046 I
632 3998 664 4046 19
687 3997 837 4046 Varronem
860 3998 904 4046 ‘de
930 3998 1055 4046 scaenicis
1076 3994 1215 4059 omninibus
1237 3997 1278 4045 uel
1299 3996 1326 4045 ia
1348 3992 1458 4044 Scauro'

334 4080 458 4143 adferat,
479 4080 596 4130 alteram
614 4080 770 4147 logistorici
789 4080 999 4144 inscriptionem
1017 4081 1141 4130 indicare
1154 4078 1294 4129 nonnullis
1311 4078 1388 4128 uisus
1407 4082 1458 4141 est,

333 4180 422 4230 quam
441 4165 663 4215 coniunctionem
680 4180 725 4216 res
748 4167 809 4230 ipsa
833 4180 887 4215 non
911 4166 1054 4230 reprobat,
1079 4181 1140 4215 cum
1158 4166 1195 4217 M.
1214 4162 1348 4215 Aemilius
1372 4160 1458 4212 Soan-

332 4264 397 4312 rus,
424 4249 523 4299 aedilis
542 4265 567 4303 a.
587 4266 612 4301 u.
633 4266 657 4299 0.
676 4251 740 4315 696,
769 4249 893 4300 ludorum
917 4250 1108 4300 scaenicorum
1131 4264 1199 4313 quos
1224 4248 1312 4298 edidit
1333 4246 1458 4313 magnili-

333 4334 435 4385 centia
454 4334 624 4386 exeelluerit.
660 4333 808 4385 Reiellitur
832 4339 924 4385 autem
942 4351 1003 4385 curn
1022 4351 1055 4385 ea
1073 4350 1115 4397 re,
1142 4334 1212 4399 quod
1230 4331 1306 4398 operi
1328 4330 1361 4382 de
1380 4347 1458 4382 scae-

332 4419 410 4470 nicis
429 4419 591 4485 originibus,
608 4420 714 4485 septies
731 4423 877 4485 praeterea
896 4424 1056 4483 memorato,
1068 4418 1199 4468 librorum
1216 4417 1318 4483 ubique
1337 4433 1354 4467 a
1371 4415 1458 4482 primo

334 4504 375 4557 ad
393 4504 504 4554 tertium
524 4520 651 4555 numerus
670 4505 830 4570 apponitur,
853 4505 925 4570 quod
948 4505 976 4553 in
1000 4504 1102 4554 Scauro
1125 4518 1260 4567 nusquam
1283 4504 1459 4566 factumest,

332 4598 394 4641 tum
420 4589 491 4653 quod
513 4588 693 4653 Censorinus,
720 4590 942 4656 logistoricorum
965 4589 1114 4639 fidissimus
1137 4588 1209 4638 inter
1231 4602 1325 4638 omnes
1347 4602 1458 4638 nomen-

334 4674 429 4727 clator
448 4671 486 4739 (c.
505 4676 535 4724 2:
560 4674 625 4725 libro
648 4676 690 4724 oui
712 4676 798 4725 010100
820 4681 858 4725 est
881 4675 983 4725 Atticus
1005 4682 1031 4724 et
1048 4681 1087 4723 est
1105 4676 1137 4725 de
1155 4674 1279 4731 numeria
1302 4688 1326 4723 c.
1346 4674 1375 4723 9:
1393 4672 1457 4722 libro
