3559 5709
728 716 857 773 capvt
880 716 890 771 l
1323 712 1365 776 25

245 879 268 945 l.
291 904 319 945 c.
342 904 375 966 p.
401 886 474 947 112.
499 888 569 949 120.
596 889 656 952 180
680 904 753 945 cum
774 880 934 944 Varronis
958 879 1171 967 Sesqueulixe
1192 904 1259 947 non
1281 881 1366 946 male

246 982 445 1068 composuit3
470 992 606 1068 uterque
629 982 751 1055 saltem,
766 982 894 1046 itineris
916 981 1179 1067 descriptionem,
1203 984 1291 1070 quod
1313 1006 1365 1050 co·

245 1084 427 1168 gnoscendi
453 1084 530 1168 ueri
559 1106 675 1167 causa,
708 1095 745 1150 ut
771 1083 919 1165 uidetur,
954 1083 1009 1166 fit,
1039 1084 1198 1167 continet3
1228 1096 1365 1171 uterque

246 1188 348 1252 etiam
369 1208 485 1251 uersus
508 1185 702 1253 Homericos
729 1209 796 1252 non
818 1209 892 1251 raro
920 1187 954 1250 in
975 1196 1086 1272 partes
1108 1196 1217 1252 uocat.
1261 1188 1367 1253 Omne

245 1298 359 1353 autem
380 1287 465 1353 feret
485 1299 644 1374 punctum
666 1290 722 1376 qui
745 1311 786 1353 ex
807 1290 887 1353 Ioue
910 1288 1067 1373 tragoedo
1082 1287 1366 1354 Varronianarum

246 1390 312 1456 sibi
338 1390 515 1476 imaginem
543 1391 709 1456 formabit.
752 1392 793 1455 Iu
815 1414 878 1477 quo
901 1391 964 1455 hoc
986 1390 1084 1455 etiam
1107 1390 1367 1456 animaduertere

244 1491 334 1575 licet,
358 1492 493 1578 quodin
507 1491 724 1558 Varronianis
745 1515 873 1579 quoque
887 1516 955 1559 non
976 1493 1088 1579 paucis
1111 1493 1272 1580 suspicari
1293 1516 1366 1580 pos-

249 1616 374 1677 sumus,
398 1594 644 1681 inscriptionem
666 1593 742 1660 libri
763 1617 829 1659 nou
852 1617 870 1658 a
885 1594 1052 1681 proposito
1068 1594 1157 1681 quod
1171 1595 1205 1659 in
1220 1619 1258 1660 eo
1273 1618 1366 1682 prae-

246 1696 344 1783 cipue
366 1704 527 1762 tractatur
549 1696 772 1785 desumptam,
804 1697 861 1762 sed
885 1718 905 1761 a
926 1718 960 1760 re
983 1695 1140 1779 leuicula,
1164 1697 1250 1784 quod
1271 1697 1365 1763 initio

245 1799 398 1885 Iuppiter
428 1821 535 1885 pauca
564 1799 726 1884 quaedam
753 1800 904 1865 uersibus
928 1800 1064 1883 tragicis
1087 1799 1191 1864 effert.
1236 1800 1367 1881 Quare

245 1900 461 1966 admonemur
490 1902 605 1984 etiam,
639 1924 680 1966 ne
708 1902 794 1988 apud
817 1900 1000 1965 Varronem
1027 1924 1070 1965 ex
1096 1901 1366 1988 inscriptionibus

244 2002 343 2067 nimis
366 2002 568 2068 confidenter
591 2002 631 2068 de
651 2002 810 2068 librorum
826 2004 1027 2087 argumentis
1049 2004 1245 2087 iudicemus3
1270 2026 1367 2090 quam

246 2106 434 2170 cautionem
448 2114 486 2171 ut
503 2104 729 2189 adhibeamus,
753 2114 1019 2189 argumentorum
1040 2128 1169 2194 quoque
1191 2105 1366 2172 relationes

246 2208 410 2295 quaedam
432 2208 573 2272 suadent
594 2230 710 2293 graece
732 2208 937 2293 conscriptae
959 2218 1034 2293 post
1054 2198 1251 2290 Varronem,
1284 2232 1368 2295 quae

246 2309 357 2374 adhuc
385 2319 513 2391 extant,
548 2332 686 2395 quarum
713 2308 887 2375 nonnullae
915 2309 1004 2376 nullo
1036 2312 1216 2375 sententiae
1239 2311 1367 2376 vinculo

246 2434 322 2475 cum
350 2412 424 2499 ipsa
452 2412 664 2497 inscriptione
693 2434 838 2478 conexae
862 2421 948 2476 sunt.
994 2410 1193 2477 Addendum
1216 2412 1367 2499 denique,
1419 2459 1423 2465 ·

245 2515 335 2579 inter
356 2513 505 2602 Menippi
528 2514 689 2585 Varronis
712 2514 851 2579 Luciani
872 2536 972 2600 opera
993 2514 1155 2601 quaedam
1178 2537 1260 2597 esse,
1284 2537 1367 2601 quae

246 2615 352 2681 titulis
374 2615 428 2680 uel
450 2616 584 2702 paribus
613 2615 666 2680 uel
694 2616 794 2682 ualde
825 2616 987 2683 similibus
1016 2616 1135 2682 indolis
1159 2617 1366 2699 affinitatem,

246 2741 312 2805 qua
334 2719 368 2782 hi
390 2718 454 2782 uiri
476 2718 641 2784 coniuncti
664 2727 768 2802 erant,
791 2720 897 2804 magis
921 2720 1022 2784 etiam
1037 2719 1238 2785 confirmant.
1282 2719 1368 2783 Nam

247 2816 452 2902 Συμπόσιον
474 2829 507 2885 61
529 2821 685 2885 Νεκνΐαν
706 2821 881 2908 Menippus
906 2822 1038 2907 scripsit
1048 2823 1071 2908 ¹)
1096 2823 1142 2906 (v.
1164 2843 1197 2906 p.
1215 2828 1266 2902 10,
1289 2821 1368 2885 item

248 2915 450 3005 Συμπόσιον
473 2932 505 2987 61
528 2919 710 3000 Μένιππον
731 2913 752 3005 ἢ
772 2924 1051 3005 Νεκυομανιείαν
1073 2921 1253 3004 Lucianus3
1279 2913 1368 2985 Ἐπι-

247 3020 365 3088 στολαὶ
380 3026 551 3106 Kounaxa(
561 3025 699 3092 Luciani
715 3048 787 3088 cum
803 3024 952 3112 Menippi
965 3016 1170 3097 Ἐπιστολαῖς
1184 3032 1368 3106 κεκομψευ-

247 3126 363 3210 μέναις
385 3120 450 3192 ἀπὸ
472 3126 534 3191 τοῦ
556 3126 624 3191 τῶν
645 3125 737 3191 θεῶν
760 3119 944 3208 προσώπου
967 3127 1008 3192 ab
1025 3126 1163 3193 Oehlero
1186 3125 1207 3190 1.
1230 3150 1258 3190 6.
1278 3150 1310 3212 p.
1328 3136 1368 3196 34

247 3240 316 3295 not.
339 3239 415 3315 apte
438 3230 668 3314 conferuntur,
702 3223 848 3303 Κυνικός
868 3229 1008 3295 Luciani
1035 3239 1067 3293 et
1090 3222 1297 3311 Προμηθεύς
1325 3229 1368 3293 ad

247 3332 408 3397 Varronis
432 3332 593 3418 Cynicum
616 3343 648 3397 et
669 3332 899 3396 Prometheum
921 3355 981 3397 nos
1004 3330 1166 3413 referunt3
1199 3353 1305 3416 neque
1334 3330 1368 3393 in

247 3433 387 3499 Luciani
408 3432 503 3498 libris
526 3434 644 3520 quibus
667 3433 856 3499 inscribitur
874 3422 1065 3515 Ἑρμότιμος
1080 3422 1100 3515 ἢ
1116 3428 1192 3512 περὶ
1206 3428 1369 3511 αἱρέσεων

248 3546 282 3601 61
309 3532 396 3617 Περ1
423 3537 558 3599 θυσιῶν
590 3534 750 3600 absonum
778 3535 912 3599 uidetur
934 3533 1096 3599 Varronis
1120 3543 1249 3598 saturas
1282 3528 1369 3613 Περὶ

248 3633 412 3719 αἱρέσεων
434 3648 467 3703 61
483 3628 701 3720 Ἑκατόμβην,
726 3637 776 3701 cui
798 3636 893 3702 titulo
908 3637 1140 3722 grammaticus
1156 3646 1271 3723 postea
1293 3631 1370 3715 περὶ

248 3738 383 3804 θυσιῶν
405 3740 593 3827 adscripsit,
616 3740 650 3803 in
665 3741 807 3805 mentem
821 3761 950 3804 uocare.
987 3737 1053 3803 Sed
1070 3738 1169 3803 etiam
1184 3737 1368 3804 Varronem

247 3865 322 3907 cum
343 3842 498 3930 Menippo
527 3842 588 3909 hoc
619 3842 691 3907 loco
719 3841 796 3906 licet
825 3863 863 3906 ea
885 3841 1012 3907 ratione
1042 3863 1249 3928 componere,
1281 3838 1369 3926 quod

247 3944 304 4009 ille
327 3946 574 4009 Testamentum
598 3955 760 4025 saturam,
783 3937 1036 4026 1116Λιαθήκας
1058 3942 1262 4028 conscripsit.
1296 3944 1302 3957 “

334 4046 396 4110 His
420 4047 485 4110 iam
507 4047 609 4111 uariis
631 4048 693 4111 uiis
717 4067 755 4110 ac
770 4044 954 4110 rationibus
976 4045 1118 4131 aliquam
1138 4044 1255 4109 horum
1276 4041 1368 4108 libel·

247 4148 355 4214 lorum
381 4148 531 4214 notitiam
564 4148 678 4234 adepti
705 4146 886 4235 penetralia
912 4148 987 4233 ipsa
1014 4169 1054 4210 ea
1075 4169 1140 4232 qua
1163 4145 1257 4210 decet
1276 4167 1367 4209 uere-

248 4250 369 4315 cundia
391 4249 548 4314 adeamus
571 4259 603 4314 et
625 4250 704 4336 quid
725 4272 767 4315 ex
787 4258 973 4314 saturarum
995 4249 1139 4335 reliquiis
1155 4247 1235 4334 ipsis
1259 4246 1300 4310 de
1321 4246 1367 4310 in-

335 4506 361 4572 1)
385 4500 553 4573 Σνμπὸσιον
576 4508 731 4574 66111ρ661111
754 4508 839 4559 etiam
861 4506 1019 4573 Meleager,
1049 4506 1163 4572 cynicus
1187 4505 1368 4565 Gadarensis,

250 4593 328 4643 cuius
346 4592 432 4643 libros
450 4593 533 4658 Diog.
552 4594 583 4643 L.
603 4594 642 4644 VI
660 4596 693 4645 99
716 4609 777 4643 cum
796 4593 952 4661 Menippeis
975 4596 1128 4661 comparat3
1154 4592 1189 4645 cf.
1209 4590 1367 4641 Athenaeus

248 4677 288 4728 XI
306 4694 334 4747 p.
352 4680 401 4729 502
421 4694 443 4728 c.
