3559 5709
819 722 979 780 ctpvrl
1205 766 1208 771 -
1416 719 1458 784 53

337 886 421 950 sisso
443 884 627 950 credendus
651 893 712 949 est.
757 885 981 950 Ecclesiastici
1011 887 1152 973 denique
1179 888 1372 973 scriptores,
1401 890 1457 975 qui

335 987 403 1053 alia
425 987 588 1075 quaedam
610 986 772 1052 Varronis
802 1010 902 1074 opera
924 989 1066 1053 strenuis
1090 990 1241 1055 manibus
1263 990 1455 1074 uoluebant‚

336 1097 468 1155 saturas
497 1089 565 1153 fere
593 1091 805 1175 ignorabant,
835 1113 973 1177 quarum
1000 1092 1121 1156 mentio
1145 1102 1301 1178 quattuor
1328 1102 1456 1158 tantum

333 1191 416 1258 locis
439 1192 528 1279 apud
544 1191 783 1256 Tertullianum
806 1202 839 1256 et
861 1192 1054 1275 Arnobium‚
1078 1203 1110 1258 et
1132 1202 1168 1257 ut
1189 1194 1322 1259 uidetur
1342 1195 1456 1280 Augu-

336 1295 460 1359 stinum
488 1293 653 1359 tralaticia
680 1293 822 1381 quadam
845 1296 1002 1359 memoria
1029 1295 1118 1359 facta
1141 1305 1191 1359 est
1219 1295 1276 1380 (cf.
1300 1296 1368 1381 fgg.
1391 1297 1455 1361 inc.

334 1395 553 1483 XI—XIII)3
589 1419 662 1460 cum
684 1395 890 1481 logistoricos
915 1408 991 1462 tunc
1019 1397 1174 1483 temporis
1202 1396 1308 1462 adhuc
1331 1399 1366 1462 in
1392 1420 1456 1463 usu

332 1498 439 1564 fuisse
463 1509 496 1563 et
519 1498 723 1583 Augustinus
749 1498 866 1564 doceat
888 1500 945 1585 qui
968 1497 1143 1563 Curionem
1164 1500 1381 1585 pertrectauit
1403 1521 1455 1563 ae·

334 1601 545 1667 curatissime
574 1610 608 1665 et
629 1600 784 1665 Sidonius
807 1600 1010 1687 Apollinaris
1041 1623 1114 1688 epp.
1137 1601 1222 1666 VIII
1245 1610 1264 1671 6
1292 1602 1335 1666 ad
1356 1602 1454 1665 Nam-

333 1703 473 1769 matium
512 1703 657 1768 scribens
698 1709 890 1769 ‘Varronem
918 1710 1121 1782 lopistorr'cum
1157 1712 1235 1770 strat
1267 1725 1454 1784 poposceras

332 1817 366 1871 et
380 1811 541 1871 Eusebium
563 1811 832 1886 chronopruphum
853 1811 944 1869 mist’
989 1804 1055 1885 Qui
1077 1828 1155 1871 uero
1179 1806 1356 1871 sententias
1372 1805 1454 1871 Var-

333 1907 427 1974 ronis
450 1929 534 1993 quae
559 1906 711 1972 dicuntur
733 1906 881 1992 collegit,
913 1929 988 1970 eum
1020 1942 1063 1955 -
1095 1907 1122 1971 si
1146 1906 1278 1995 quidem
1303 1916 1392 1973 recte
1414 1907 1455 1973 de

332 2011 383 2076 eis
405 2011 440 2073 in
461 2009 665 2095 praefatione
680 2009 804 2074 dictum
827 2019 878 2075 est
891 2000 935 2057 -έ
950 2018 1077 2074 saturas
1101 2030 1228 2096 quoque
1251 2009 1376 2097 aliquas
1400 2033 1455 2075 ex·

333 2112 497 2199 serpsisse
521 2121 570 2177 est
585 2112 656 2176 ueri
678 2110 799 2194 simile3
827 2111 874 2174 nil
897 2120 1005 2176 autem
1027 2134 1066 2176 ea
1087 2134 1122 2176 re
1144 2134 1204 2177 nos
1227 2112 1385 2198 proficere
1407 2111 1453 2176 sa·

332 2213 472 2280 tendum
495 2222 562 2295 est,
585 2235 659 2277 cum
680 2214 820 2299 tempori
843 2213 947 2277 cuiuis
970 2214 1056 2277 inter
1077 2212 1238 2279 Varronis
1260 2213 1329 2279 fere
1351 2213 1454 2301 ipsius

332 2324 478 2381 aetatem
500 2323 533 2379 et
555 2337 676 2379 annum
697 2339 729 2402 p.
753 2315 829 2385 Chr.
853 2322 915 2386 529
944 2337 1018 2379 eum
1036 2315 1236 2382 adtribuere
1263 2315 1369 2381 liceat.
1414 2316 1455 2380 In

331 2418 527 2482 uniuersum
549 2426 659 2481 autem
681 2418 744 2483 hoc
766 2416 1000 2482 affirmandum
1022 2426 1090 2500 est,
1112 2417 1305 2504 Menippeas
1329 2425 1361 2481 et
1381 2440 1453 2503 pro-

331 2528 409 2607 pter
429 2518 642 2584 difficultates
666 2519 841 2585 uerborum
865 2528 898 2584 et
919 2521 954 2583 in
975 2519 1185 2606 pedestribus
1201 2518 1332 2606 quidem
1354 2520 1454 2605 parti-

330 2624 397 2688 bus
420 2631 556 2708 propter
578 2621 820 2708 simplicitatem
836 2622 978 2704 dicendi,
1003 2643 1086 2709 quae
1101 2631 1276 2708 postquam
1291 2620 1453 2686 rhetorico

330 2722 542 2789 flosculorum
566 2733 692 2789 tumore
721 2725 886 2789 abstinere
914 2724 1091 2810 scriptores
1114 2722 1261 2809 plerique
1284 2722 1453 2789 desierunt

330 2847 393 2913 pro
416 2824 495 2889 exili
517 2825 671 2892 ariditate
693 2825 891 2908 habebatur,
914 2827 949 2889 in
971 2825 1148 2892 multorum
1162 2847 1277 2889 manus
1292 2847 1453 2910 nusquam

329 2928 465 2991 uenisse
499 2928 693 3014 codicesque
726 2950 838 2991 earum
874 2927 1032 3013 paulatim
1068 2927 1256 2990 imminutos
1289 2936 1452 3011 postremo

331 3028 465 3093 omnino
482 3030 678 3112 euanuisse‚'
690 3038 728 3094 ut
744 3029 907 3113 Gregorio
931 3028 1040 3115 aliquo
1063 3028 1217 3114 pontifice
1239 3028 1382 3091 mammo
1398 3028 1454 3113 qui

330 3152 390 3195 eos
414 3130 537 3197 deleret
562 3132 618 3216 (cf.
644 3132 802 3199 Oehlerus
825 3155 857 3219 p.
881 3142 901 3200 4
923 3133 1005 3218 not.)
1028 3130 1087 3195 uix
1110 3153 1192 3217 opus
1215 3129 1325 3194 suerit.
