3559 5709
624 633 650 710 ⁸-
710 671 837 727 ulrvr
869 672 890 726 u
1320 665 1360 729 81

235 834 348 900 Huius
364 831 466 898 medii
480 833 609 919 generis
626 817 704 900 sunt
719 856 747 896 e.
764 856 791 897 c.
807 832 891 897 Bim.
909 832 954 898 II.
977 832 1077 897 Herc.
1093 841 1117 899 t.
1131 832 1156 898 f.
1172 834 1199 898 Ι.
1221 834 1360 920 Marcip.

235 935 379 1002 II—VI.
408 939 493 1017 Ταφ.
518 939 604 1000 Μεν.
629 934 661 1018 Ι;
692 958 840 999 seueram
869 944 979 999 autem
1002 935 1132 1001 omnino
1162 947 1266 1001 artem
1288 959 1362 1023 pro·

236 1039 373 1103 fitentur
393 1028 506 1118 Ἄνθρ.
531 1037 559 1101 Ι.
602 1027 710 1100 ‘Exue
742 1038 875 1102 I-IV.
918 1037 981 1102 Est
1015 1061 1058 1101 m.
1087 1061 1129 1101 m.
1153 1038 1180 1102 Ι.
1217 1038 1312 1105 Glor.
1333 1038 1361 1103 I.

235 1139 328 1205 Mod.
344 1134 537 1204 1—11.'‘0v.
553 1133 629 1222 trio.
646 1138 793 1204 I—VIII
808 1139 864 1225 (de
887 1138 1179 1226 ‘orthipsalticum'
1200 1163 1233 1204 u.
1248 1163 1281 1226 p.
1294 1140 1361 1225 90).

236 1242 348 1306 Parm.
371 1242 399 1306 I.
434 1242 550 1306 Prans.
579 1266 611 1328 p.
632 1243 660 1306 I.
694 1244 816 1324 Σκιαμ.
840 1241 868 1305 Ι.
918 1241 1020 1305 Vides
1049 1242 1206 1310 maiorem
1234 1252 1361 1327 partem

236 1352 379 1427 restare,
409 1366 493 1430 quae
521 1343 603 1408 dura
637 1341 694 1406 illa
726 1351 875 1407 ueterum
898 1343 1121 1409 scaenicorum
1148 1344 1275 1408 ratione
1296 1343 1362 1409 for-

235 1454 328 1510 mata
350 1444 438 1533 sit¹).
469 1444 593 1525 Quinto
615 1445 699 1531 pede
722 1445 810 1531 quod
834 1445 999 1531 spondeus
1022 1444 1193 1531 praeualet
1214 1454 1251 1509 ut
1274 1431 1372 1532 apud

236 1546 399 1612 iambicos
424 1570 535 1613 omnes
560 1546 618 1633 (cf.
640 1545 810 1611 Bentleius
833 1548 868 1611 in
890 1546 973 1613 Hor.
997 1547 1100 1612 Serm.
1123 1548 1158 1612 ΙΙ
1181 1559 1212 1628 5,
1236 1548 1303 1632 79),
1326 1546 1361 1609 id

235 1647 386 1732 Longius
409 1648 444 1711 in
467 1648 725 1729 Quaestionibus
754 1649 897 1713 metricis
926 1650 1062 1715 Bonnae
1092 1655 1170 1721 1851
1196 1649 1292 1713 editis
1315 1649 1363 1713 ita

237 1750 425 1814 accuratius
449 1749 599 1814 definiuit
613 1773 646 1837 p.
662 1761 713 1819 41.
731 1759 781 1833 46,
798 1760 835 1816 ut
857 1761 952 1816 sexta
966 1744 1123 1816 uersuum
1145 1761 1238 1837 parte
1260 1774 1361 1837 purus

236 1851 369 1917 iambus
391 1851 596 1934 inueniatur,
625 1874 684 1938 pro
707 1875 772 1939 qua
794 1863 946 1940 quartam
967 1853 1089 1919 rectius
1112 1862 1239 1939 partem
1261 1852 1362 1934 diceS,

236 1953 307 2017 uid.
336 1941 472 2036 adnot.;'
498 1976 560 2017 nec
586 1964 698 2018 tamen
726 1954 967 2021 multorarior
999 1956 1034 2018 in
1066 1955 1170 2040 primo
1199 1964 1231 2020 et
1264 1953 1362 2019 tertio

236 2054 325 2141 pede
347 2052 513 2146 spondeus
537 2064 597 2119 est.
628 2054 780 2120 Ceterum
795 2056 881 2121 inter
903 2056 1009 2142 quinti
1031 2055 1125 2142 pedis
1147 2056 1275 2121 iambos
1299 2056 1362 2120 duo

237 2165 371 2222 tantum
393 2165 481 2239 sunt,
504 2156 561 2221 ubi
584 2179 699 2221 uersus
724 2157 851 2223 duabus
875 2160 1014 2224 uocibus
1038 2158 1198 2240 iambicis,
1221 2158 1363 2243 pessimo

238 2257 297 2322 illo
321 2258 522 2323 senariorum
538 2258 629 2324 exitu
646 2259 703 2344 (cf.
720 2258 920 2324 Ritschelius
936 2260 1085 2347 prolegg.
1101 2260 1193 2324 Trin.
1209 2282 1241 2345 p.
1259 2258 1362 2345 CCX)

239 2359 419 2425 clauditur:
435 2350 505 2423 ”Oa
521 2358 595 2441 λύρ.
613 2361 663 2425 IV
687 2353 781 2443 (ὄνος
804 2356 922 2449 λύρας)
947 2372 980 2426 et
1002 2362 1110 2425 Parm.
1127 2360 1162 2425 ΙΙ
1186 2361 1361 2447 (“εἱνθριιηί,

238 2461 407 2549 bount')²),
431 2483 516 2548 quae
544 2463 582 2526 L.
605 2462 800 2528 Muellerum
821 2487 853 2550 p.
878 2473 940 2533 414
963 2463 1164 2547 effugenmt,
1188 2484 1261 2525 cum
1283 2461 1364 2526 talia

238 2564 384 2629 Varroni
415 2564 546 2628 omnino
575 2563 789 2629 abiudicaret.
845 2566 911 2646 Qui
945 2564 1042 2628 simili
1076 2563 1256 2630 infortunio
1291 2586 1364 2628 cum

239 2689 276 2752 p.
301 2674 361 2737 423
390 2665 601 2751 anapaestica
627 2668 731 2732 uerba
758 2689 778 2730 a
800 2667 943 2731 secundo
972 2666 1175 2731 senarIorum
1205 2666 1363 2731 Varronis

239 2765 326 2855 pede
349 2776 489 2848 arceret,
518 2766 608 2831 Mod.
631 2768 693 2832 XI.
719 2768 744 2853 (.
764 2762 781 2833 .‘
797 2768 957 2852 cupitis)
981 2769 1077 2833 Eum.
1098 2767 1194 2832 XLV
1218 2766 1286 2851 (sed
1311 2769 1365 2831 nus

170 2912 172 2916 ν
238 2870 480 2957 simulatque)
498 2870 591 2956 Sesq.
603 2869 656 2933 XI
671 2869 725 2935 all.
740 2870 858 2935 omisit.
871 2909 915 2919 ·-
930 2869 1092 2934 Caesuras
1110 2869 1213 2933 Varro
1229 2868 1365 2933 adhibet

239 2981 374 3058 praeter
395 2970 688 3057 hephthemimerin
701 2981 740 3035 'et
755 2970 1026 3057 penthemimerin
1042 2971 1138 3034 etiam
1154 2979 1229 3055 post
1251 2965 1363 3034 securi-

240 3073 319 3138 dam
341 3072 442 3136 arsim
463 3072 514 3136 uel
538 3085 614 3158 post
643 3083 793 3160 quartam
821 3072 873 3136 uel
896 3082 972 3159 post
992 3082 1165 3157 utramque
1187 3082 1224 3136 ut
1246 3071 1281 3134 in
1302 3071 1364 3135 hoc

242 3184 290 3239 ‘ut
304 3181 419 3252 comici,
437 3180 598 3257 cinaediae,
621 3182 784 3240 scenulici'
806 3166 890 3261 (ila.
903 3168 977 3258 λύρ.
988 3174 1087 3258 VII),
1104 3196 1168 3260 qua
1181 3174 1365 3238 iamborum

240 3420 345 3467 aeuitur
361 3418 490 3480 spondeus
507 3418 534 3465 in
551 3417 653 3466 sedibus
667 3417 776 3480 paribus
794 3432 898 3482 quoram
916 3420 1033 3480 exemplu
1050 3415 1128 3464 laudes
1142 3414 1265 3478 Aquilai.
1284 3411 1365 3478 [quod

242 3502 368 3565 spurium
391 3497 481 3567 dico]‚
505 3500 591 3551 Purm.
617 3502 630 3550 1
656 3496 694 3564 II,
717 3503 765 3551 ubi
792 3501 894 3551 falsam
920 3500 1033 3550 Oehleri
1059 3500 1207 3548 lectionem
1232 3500 1365 3562 sequitur.

240 3587 319 3636 Vere
338 3570 463 3651 exempla
481 3600 565 3650 supra
584 3583 680 3649 affero]
700 3594 725 3635 et
742 3602 855 3650 mapsam
871 3587 1072 3649 srapmentornm
1085 3600 1219 3646 nrouerum,
1232 3587 1258 3633 in
1277 3584 1366 3649 quibus

242 3688 298 3721 cum
318 3687 352 3721 ex
373 3687 422 3720 uno
445 3675 540 3719 tuntum
562 3674 604 3719 nel
625 3673 699 3719 etium
722 3671 818 3720 derebus
842 3676 960 3720 constent
982 3670 1109 3726 uersibus,
1132 3672 1208 3719 senze!
1230 3670 1304 3718 modo
1326 3671 1367 3717 ue!

241 3757 379 3805 seeundum
396 3758 438 3805 uel
455 3761 570 3820 quartum
586 3757 677 3819 pedem
695 3762 802 3819 occupat
819 3756 969 3819 spondeus’.

333 3838 358 3904 1)
377 3841 488 3890 lambos
507 3840 616 3904 repperi
634 3840 662 3888 in
686 3841 772 3904 primo
791 3839 861 3904 pede
881 3843 928 3903 31,
949 3841 977 3889 in
997 3840 1084 3890 altero
1103 3842 1147 3894 85.
1173 3840 1201 3888 in
1219 3840 1304 3888 tertio
1323 3840 1365 3900 31,

242 3926 274 3975 in
294 3929 391 3990 quarto
410 3927 452 3987 91,
471 3928 500 3973 in
519 3924 615 3988 quinto
634 3926 680 3982 3⁶2;
704 3924 839 3988 spondeos
858 3926 890 3975 88
909 3953 941 3960 -
954 3928 987 3975 35
999 3952 1031 3960 -
1050 3927 1082 3974 91
1103 3951 1131 3960 -
1151 3925 1185 3973 39
1205 3950 1233 3959 -
1253 3925 1299 3983 99;
1318 3922 1365 3969 tri·

243 4009 367 4074 brachys
386 4012 402 4059 2
422 4036 455 4045 -
473 4011 489 4058 9
506 4035 540 4044 -
558 4010 573 4057 6
591 4034 624 4043 -
644 4010 657 4057 1
677 4005 794 4073 (rator.
814 4008 839 4074 Ι)
863 4036 896 4043 -
914 4012 943 4071 0;
974 4013 1143 4073 anapaestos
1167 4009 1197 4056 12
1216 4034 1247 4041 —
1267 4006 1365 4054 5-2

243 4122 277 4132 --
296 4097 313 4145 3
331 4120 364 4130 —-
382 4097 398 4145 3
418 4093 514 4158 (quare
532 4095 564 4142 L.
578 4093 729 4143 Muellerus
746 4110 772 4158 p.
788 4096 836 4143 153
857 4093 928 4143 falso
947 4094 1016 4142 dicit
1027 4094 1179 4142 Varronem
1198 4091 1287 4154 prima
1305 4093 1365 4137 tan—

243 4184 302 4229 tum
327 4193 424 4228 uersus
447 4165 526 4243 parte
550 4183 732 4243 anapaestum
756 4194 872 4242 ponere3
903 4179 939 4231 cf.
958 4178 1036 4229 Eum.
1055 4177 1104 4226 XI.
1133 4175 1211 4237 Scsq.
1234 4173 1312 4225 XIII.
1334 4201 1366 4210 ο

242 4264 296 4330 Ag.
315 4264 362 4313 VI.
382 4264 497 4328 Papiap.
510 4265 532 4316 I.
553 4264 654 4328 Sexag.
668 4263 741 4313 XXI.
762 4290 794 4297 —
812 4263 884 4311 Mod.
899 4263 946 4312 XI.
966 4261 1043 4324 Sesq.
1057 4260 1135 4309 XIII.
1155 4260 1186 4307 T.
1205 4273 1287 4319 πατρ.
1299 4275 1324 4307 τ.
1336 4274 1365 4307 π.

242 4350 266 4399 1.
286 4348 357 4398 adde
377 4349 444 4397 duos
462 4349 492 4396 in
504 4347 732 4399 Hebdomadibus
745 4346 867 4411 uersus);
888 4347 1016 4410 dactylos
1028 4348 1044 4394 6
1056 4372 1088 4380 -
1102 4347 1116 4393 7
1129 4371 1162 4379 —-
1176 4344 1208 4393 14
1221 4369 1251 4377 -
1267 4344 1281 4391 7
1295 4369 1327 4376 -
1337 4344 1366 4402 53

242 4432 524 4500 proceleusmaticum
542 4448 625 4482 unum
645 4436 752 4481 tantum
772 4433 906 4497 inprime
925 4432 996 4496 pede
1017 4428 1106 4493 (Sesq.
1125 4427 1202 4493 XII).

331 4516 359 4582 2)
383 4516 532 4567 Addendus
559 4533 655 4567 uersus
684 4518 718 4568 de
748 4518 948 4581 compositione
973 4520 1128 4564 saturarum
1153 4513 1190 4576 (u.
1213 4529 1240 4577 p.
1257 4510 1303 4576 46)
1326 4510 1367 4561 ita

242 4604 388 4654 desinens:
413 4604 515 4652 ‘Venus
532 4604 622 4666 eapit’.

297 4703 387 4752 Riese,
404 4700 508 4742 Varronis
523 4702 615 4745 Satiruc.
1144 4688 1164 4750 6
