3559 5709
333 688 375 755 56
804 692 932 748 GAPVT
953 692 975 748 ll

334 860 531 947 positionem
552 857 729 941 indagasse
758 856 839 921 liber
861 856 931 920 eius
961 861 1012 920 ‘dc
1030 862 1244 936 compositione
1263 862 1447 920 saturanum

278 1006 281 1012 -
327 971 510 1042 monstret,
541 983 604 1046 quo
632 969 665 1025 et
686 960 938 1045 Menippearum
965 957 1166 1045 alteriusque
1188 968 1389 1049 saturarum
1400 979 1449 1042 ge·

334 1063 422 1129 neris
446 1063 629 1144 discrimen,
653 1070 685 1127 et
707 1062 852 1148 ipsarum
874 1062 1081 1147 potissimum
1101 1060 1246 1126 rationes
1263 1059 1450 1146 deser-ipsiu

336 1166 379 1231 cf.
391 1188 423 1253 p,
433 1174 473 1236 46
486 1188 534 1251 sq.
557 1165 674 1252 Itaque
689 1163 845 1251 prosariis
863 1187 937 1228 oum
952 1162 1063 1228 uerbis
1079 1162 1115 1226 in
1130 1183 1278 1227 sermone
1293 1161 1450 1249 pedestri,

336 1268 471 1352 poetieis
493 1268 529 1330 in
550 1267 679 1354 poetico
709 1288 805 1356 usum
828 1289 900 1330 esse
922 1266 989 1329 iam
1011 1264 1054 1329 ab
1076 1264 1170 1331 initio
1192 1262 1452 1350 affirmarepos·

336 1393 448 1436 sumus
464 1368 709 1455 rectissimeque
720 1355 955 1433 Buechelerum
969 1390 1000 1454 p.
1017 1374 1080 1438 428
1096 1366 1268 1453 scripsisse
1283 1375 1451 1453 putamus:

336 1477 383 1537 ‘es
406 1473 552 1557 gebietet
573 1470 794 1537 methodisehe
816 1470 932 1535 Kritik
954 1480 1022 1535 erst
1045 1469 1133 1533 donn
1153 1468 1298 1534 Metrum
1320 1490 1453 1533 anzuer·

336 1575 485 1656 konnen,
517 1595 613 1639 wenn
639 1572 825 1638 bestimmte
852 1572 1022 1638 Kriterien
1048 1570 1234 1659 poetiseher
1260 1569 1455 1655 Abfassung

337 1674 527 1760 vorliegen.’
550 1712 592 1722 -
616 1673 787 1740 Aecidisse
810 1684 922 1740 autem
943 1673 1001 1756 illi,
1025 1672 1114 1761 quod
1137 1672 1210 1739 aliis
1227 1669 1358 1759 quoque
1381 1672 1455 1737 seri·

337 1777 488 1865 ptoribus
518 1775 654 1858 accidit,
687 1786 725 1840 ut
752 1777 856 1843 inuito
884 1778 957 1863 ipso
986 1798 1102 1841 uersus
1125 1774 1302 1863 aliquando
1325 1781 1363 1838 in
1384 1797 1454 1863 pro·

337 1880 433 1945 soriis
461 1900 590 1966 quoque
618 1877 809 1962 euaderent,
844 1878 924 1965 quid
957 1878 1074 1942 mirum
1103 1878 1177 1942 est?
1231 1877 1277 1941 Et
1306 1876 1456 1964 exempla

338 1983 471 2069 quidem
496 1979 585 2067 apud
605 1979 696 2043 illum
717 1981 766 2044 ita
789 1990 865 2046 sunt
884 1979 1162 2067 frequentissima,
1184 1989 1223 2044 ut
1236 1978 1336 2045 hosce
1351 1978 1455 2067 primo

338 2084 455 2150 obtutu
478 2106 519 2147 ex
541 2082 644 2168 primo
668 2104 776 2147 rerum
799 2083 995 2148 rusticarum
1018 2082 1125 2168 eapite
1148 2079 1336 2167 collegerim
1358 2090 1456 2148 tetra·

337 2195 459 2249 metros
489 2183 687 2251 trochaioos:
720 2184 886 2250 ‘Referam
910 2187 1074 2249 sermones
1099 2206 1172 2265 eoa,
1202 2205 1284 2269 quos
1309 2183 1350 2248 de
1374 2184 1457 2268 agri-

339 2284 469 2351 cultura
490 2285 675 2351 habuimus'
701 2295 734 2351 et
756 2287 864 2351 ‘nobis
882 2309 923 2351 ex
939 2285 1048 2373 aliquo
1064 2294 1231 2372 portent03
1254 2286 1309 2350 me
1323 2307 1366 2350 ne
1382 2284 1458 2350 dum

337 2388 414 2453 irino
432 2387 592 2476 quidem'3
608 2389 754 2454 senarios
771 2388 1004 2473 ‘agriculturae
1020 2388 1111 2454 caelo
1123 2397 1156 2453 et
1170 2395 1259 2453 terra
1273 2388 1457 2453 continent·

339 2499 372 2555 et
395 2489 550 2555 ‘seeundo
573 2490 682 2557 Solem
706 2501 739 2556 et
758 2491 904 2574 Limam,
934 2513 1072 2577 quorum
1095 2493 1272 2577 tempora':
1304 2487 1458 2555 choliam-

338 2592 418 2658 bum
441 2593 540 2656 etiam
564 2591 800 2657 ‘desideramus
818 2592 897 2679 quid
920 2592 1109 2658 faciendum
1125 2596 1168 2657 sit
1182 2592 1293 2657 nobis'
1317 2601 1351 2658 et
1374 2601 1459 2657 sota·

340 2693 438 2757 deum
461 2695 536 2779 ‘quo
559 2694 691 2759 nomine
714 2695 837 2761 rustica
859 2694 994 2759 Vinalia
1015 2696 1197 2777 instituta’3
1219 2715 1319 2780 porro
1341 2694 1460 2759 seriem

340 2795 554 2861 dimetrorum
571 2798 855 2883 anapaestieorum
878 2797 1037 2880 ‘Nostrls3
1054 2798 1110 2884 qui
1125 2817 1243 2881 graece
1260 2799 1462 2882 seripserunt

339 2898 526 2985 Dispersim
549 2897 632 2963 alius
657 2900 697 2964 de
720 2901 785 2965 alia
807 2923 843 2965 re
866 2908 942 2965 sunt
964 2898 1042 2964 Plus
1058 2898 1310 2986 quinquaginta3
1332 2897 1370 2961 hi
1386 2899 1462 2963 sunt

340 3022 421 3088 quos
445 3009 493 3065 tu’
524 3010 556 3066 et
584 3002 730 3088 scopite
760 3012 876 3088 quarto
904 2996 1153 3088 pentametrum
1177 2998 1283 3086 ‘quod
1317 2998 1462 3065 delectat

340 3106 402 3166 neo
424 3104 492 3166 non
514 3123 553 3165 ea
576 3107 659 3189 quae
687 3104 849 3185 faciunt’,
880 3104 1000 3191 quibus
1029 3105 1126 3169 linem
1157 3102 1290 3168 tandem
1312 3102 1462 3191 imponat

340 3203 532 3267 hexameter
556 3202 624 3287 (III
646 3214 676 3286 3,
701 3207 733 3289 2)
757 3207 845 3270 ‘sunt
860 3214 893 3271 et
907 3205 1031 3271 habent
1045 3205 1173 3269 inclusa
1187 3202 1353 3286 animalia,
1377 3208 1462 3293 quae

340 3307 538 3391 pascantur'
567 3316 600 3370 et
621 3307 754 3371 minima
776 3307 958 3373 mutatione
987 3308 1120 3373 effectus
1151 3306 1219 3393 (III
1242 3314 1296 3389 16,
1321 3307 1378 3394 26)
1409 3309 1463 3373 ‘ex

341 3406 406 3471 alia
428 3410 543 3474 eontra
564 3408 706 3495 spissum
728 3411 779 3474 est
801 3410 876 3495 (‘ut'
900 3409 991 3494 libri)
1015 3433 1032 3475 e
1054 3411 1128 3473 rore
1150 3411 1300 3473 marino)
1344 3408 1464 3496 Nugae

342 3521 419 3575 sunt
440 3510 520 3575 haee
542 3512 667 3594 omnia,
696 3512 857 3598 nugae31)
894 3511 984 3577 nolui
1014 3522 1124 3576 autem
1155 3532 1210 3576 eas
1238 3510 1398 3594 retinere,
1427 3522 1464 3577 ut

341 3621 520 3677 monstrem
542 3635 640 3698 quam
662 3613 782 3678 falsam
804 3614 943 3699 ingressi
965 3614 1031 3679 sint
1053 3614 1150 3694 uiam,
1174 3612 1230 3699 qui
1245 3613 1356 3677 omnis
1378 3637 1464 3701 quae

341 3712 395 3777 uel
418 3724 533 3799 sponte
556 3714 609 3779 uel
630 3714 720 3781 leues
744 3725 819 3802 post
841 3716 1039 3781 mutationes
1061 3715 1174 3780 metris
1203 3714 1283 3780 inici
1310 3726 1463 3802 possunt,
1488 3734 1492 3741 ·

341 3824 514 3902 propterea
535 3817 602 3880 iam
622 3840 737 3882 uersus
761 3841 832 3883 esse
855 3818 1078 3882 Varronianos
1099 3816 1290 3899 uoluerunt3
1313 3816 1350 3882 id
1373 3818 1467 3905 quod

341 3918 375 3981 in
409 3915 567 4000 Vahleni,
601 3920 781 4003 Ribbeeki‚
814 3919 853 3983 L.
881 3918 1032 3984 Muelleri
1065 3918 1234 3986 laboribus
1261 3918 1354 3983 haud
1387 3943 1465 3985 raro

342 4018 603 4086 animaduertere
626 4019 714 4085 lieet.
752 4022 901 4102 Quorum
923 4044 1006 4086 unus
1029 4020 1084 4085 ille
1099 4043 1197 4107 quem
1211 4029 1376 4108 postremo
1393 4021 1466 4088 loco

431 4228 455 4289 l)
473 4227 635 4277 Notabilem
652 4228 745 4279 hercle
766 4233 794 4279 et
812 4229 981 4281 laboriosam
1000 4245 1112 4294 operam
1135 4229 1179 4279 his
1197 4228 1278 4294 nugis
1296 4227 1375 4279 dedit
1393 4230 1463 4281 Des·

342 4311 460 4375 billons‚
485 4328 563 4377 quern
586 4313 686 4364 librum
709 4314 842 4364 Varronis
872 4315 905 4363 de
929 4315 1026 4379 lingua
1048 4314 1138 4364 latina
1163 4293 1288 4379 quintum
1311 4314 1341 4363 in
1363 4330 1466 4367 uersus

292 4424 295 4431 ·
343 4397 469 4446 senarios
488 4401 573 4448 totum
592 4399 710 4450 uertisse
729 4402 758 4448 in
777 4400 848 4448 actis
867 4398 961 4464 philol.
974 4398 1134 4452 Mannhem.
1149 4400 1213 4450 1839
1226 4415 1252 4463 p.
1267 4400 1315 4447 113
1332 4396 1466 4463 legimus.

343 4481 424 4529 Hune
452 4483 538 4547 igitur
566 4500 626 4533 eum
650 4484 781 4534 uiolentis
805 4484 1007 4534 mutationibus
1035 4499 1163 4535 uersuum
1189 4498 1275 4534 causa
1298 4483 1386 4535 factis
1405 4485 1468 4537 'non

344 4566 511 4620 abstinuisse
537 4574 751 4619 consentaneum
781 4570 831 4630 sit,
861 4568 1030 4634 Roeperiani
1053 4570 1144 4634 operis
1167 4559 1468 4635 doxppirpvoportet

343 4650 544 4717 praedicemus.
