3559 5709
744 741 951 799 ladislaum
1343 730 1404 796 251

277 905 455 973 consecuti
492 905 637 992 corporis
673 904 868 988 siccitatem,
905 914 943 970 ut
974 925 1079 989 neque
1117 910 1271 989 spuerent
1303 923 1408 988 neque

280 1016 545 1095 emungerentur
567 1006 743 1073 sufflatoue
766 1029 901 1094 corpore
924 1014 1044 1071 essent.

773 1126 929 1192 XXVIII

374 1229 435 1295 Vel
456 1230 599 1294 maxime
621 1228 690 1295 illic
712 1229 831 1308 didici,
857 1236 889 1293 et
911 1227 1037 1292 sitienti
1060 1225 1163 1291 uideri
1186 1246 1304 1311 aquam
1326 1222 1406 1288 mul-

282 1354 362 1398 sum
385 1329 443 1417 [et]
461 1330 619 1396 esurienti
640 1353 758 1417 panem
780 1330 940 1396 cibarium
963 1327 1149 1413 siligineum
1172 1335 1205 1394 ot
1227 1327 1406 1393 exercitato
1434 1344 1440 1354 ·

283 1458 439 1501 somnum
462 1455 606 1498 suauem.

786 1515 910 1583 XXIX

373 1622 419 1686 Et
444 1630 481 1687 ut
508 1621 542 1684 in
571 1643 670 1711 grege
699 1620 798 1708 opilio
828 1642 906 1686 oues
935 1618 1042 1683 minus
1071 1617 1207 1682 idoneas
1239 1639 1406 1682 remouere

283 1722 389 1805 solet,
413 1745 493 1810 quas
516 1722 656 1787 reiculas
679 1721 861 1809 appellant:
887 1744 986 1807 saepe
1009 1720 1094 1785 enim
1116 1742 1200 1784 unus
1217 1742 1299 1812 puer
1314 1728 1405 1806 petu-

284 1824 360 1890 lans
384 1834 482 1911 atque
504 1824 651 1911 impurus
675 1824 827 1910 inquinat
848 1845 982 1909 gregem
1004 1845 1179 1909 puerorum
1202 1860 1254 1887 -.

793 1942 899 2008 XXX

373 2046 427 2124 Ab
439 2046 665 2118 huiuscemodi
680 2045 863 2111 lusionibus
874 2045 1002 2110 radices
1014 2043 1191 2111 crudelitas
1204 2065 1300 2129 agere
1312 2044 1405 2109 solet.

783 2165 907 2231 XXXI

374 2267 485 2349 Quare
507 2267 719 2333 meliusculae
742 2267 989 2334 consuetudinis
1016 2266 1151 2355 puerilis
1179 2265 1327 2348 illorum,
1351 2265 1407 2353 qui

287 2371 356 2436 suis
379 2370 506 2435 catellis
529 2370 721 2435 ministrant
743 2370 832 2458 quod
855 2370 966 2435 edant.

371 2592 419 2656 Vt
440 2590 569 2678 puellae
595 2591 740 2659 habeant
767 2489 939 2680 dediuXIiIn
961 2592 1085 2657 uestitu
1112 2590 1323 2678 chlamydas,
1352 2612 1406 2655 en-

287 2695 498 2760 combomata
519 2716 558 2759 ae
580 2694 778 2780 parnacidas
802 2716 901 2782 quam
923 2704 1028 2780 togas.

767 2814 928 2880 XXXIII

372 2914 505 2984 Etenim
525 2914 617 2979 nulla
639 2937 722 3002 quae
745 2939 811 2981 non
833 2915 951 2980 didicit
972 2916 1108 3001 pingere
1130 2923 1238 3002 potest
1259 2915 1343 2980 bene
1359 2917 1406 2980 iu-

286 3018 414 3099 dicare,
442 3016 522 3104 quid
550 3017 594 3081 sit
620 3017 704 3082 benc
731 3019 855 3105 pictum
883 3040 904 3081 a
930 3016 1091 3103 plumario
1122 3027 1180 3082 aut
1208 3026 1338 3084 textore
1371 3018 1407 3081 in

286 3118 513 3206 puluinaribus
536 3118 653 3206 plagis.
730 3154 738 3160 -

768 3204 926 3271 XXXIV

372 3306 446 3369 Non
467 3306 616 3371 inserunt
638 3328 751 3371 manus
775 3308 927 3393 opificio,
959 3308 1015 3394 qui
1036 3307 1138 3393 bysso
1160 3306 1213 3372 uel
1235 3306 1301 3372 lino
1324 3307 1405 3393 quid

285 3408 414 3473 faciunt
436 3418 493 3473 aut
507 3407 632 3494 palma3
655 3431 731 3472 nam
746 3409 843 3476 liberi
858 3408 1027 3496 quaestuis
1051 3431 1151 3473 causa
1166 3409 1315 3476 diribunt
1329 3432 1405 3474 suas

288 3531 484 3596 respuens.

777 3596 916 3660 XXXV

370 3698 486 3784 Itaque
510 3697 598 3763 domi
620 3698 714 3764 rituis
737 3698 842 3763 nostri
864 3698 922 3786 qui
943 3721 1001 3784 per
1025 3697 1121 3764 deum
1143 3699 1274 3765 Fidium
1297 3700 1405 3767 iurare

285 3796 374 3880 uult,
397 3797 529 3884 prodire
552 3798 637 3865 solet
659 3799 695 3863 in
718 3798 950 3887 conpluuium.

284 3952 357 4005 Assa
375 3968 453 4005 uoce.
505 3954 610 4006 XXVII
623 3955 728 4006 Nonius
746 3956 797 4008 395
815 3972 837 4010 s.
855 3973 882 4007 u.
906 3956 1024 4008 Siocum.
1048 3960 1152 4009 Persae
1173 3993 1221 4008 ...
1241 3960 1343 4009 essent.
1367 3973 1405 4009 eo

284 4038 321 4072 se
340 4023 494 4074 consulti
511 4023 537 4074 N
559 4028 768 4090 spuerentur
786 4025 819 4077 N.
837 4052 871 4061 -
893 4026 999 4077 NonIus
1017 4027 1066 4077 481
1089 4041 1110 4076 s.
1129 4039 1157 4075 u.
1175 4026 1404 4091 Emungerentur.

283 4091 327 4140 Eo
347 4125 374 4140 ..
394 4095 615 4157 emungerentur.
645 4097 723 4143 sunt
747 4107 799 4146 om.
821 4094 855 4146 N.
873 4097 909 4143 ut
932 4109 985 4145 om.
1007 4093 1040 4145 N.
1104 4092 1223 4144 XXVIII
1245 4094 1349 4144 Nonius
1372 4095 1405 4146 88

284 4174 308 4209 s.
326 4174 353 4212 u.
373 4156 511 4210 cibarius.
529 4159 650 4224 ¹uideri
669 4175 788 4226 aquam
806 4162 902 4212 IunIus
920 4161 1090 4212 teriacam
1107 4161 1133 4210 N
1152 4165 1184 4212 et
1202 4161 1272 4211 addo
1291 4161 1404 4213 silici-

283 4241 380 4277 neum
393 4228 427 4279 L.
462 4226 554 4277 XXIX
563 4228 668 4279 Nonius
681 4230 790 4279 168s.u.
802 4229 933 4280 Reiculas
946 4244 1022 4282 oues.
1041 4229 1201 4295 inquinat
1212 4229 1273 4279 Ald.
1292 4230 1407 4295 inquit

282 4295 317 4346 N.
371 4294 448 4345 XXX
469 4295 575 4348 Nonius
595 4297 643 4347 133
662 4312 684 4346 s.
703 4313 729 4348 u.
764 4298 855 4348 Lusus
873 4297 920 4347 uel
937 4297 1017 4348 lusio.
1071 4297 1161 4347 XXXI
1177 4298 1281 4349 Nonius
1294 4299 1328 4348 94
1344 4314 1366 4351 s.
1377 4313 1403 4350 u.

283 4360 418 4413 Catellos.
444 4361 546 4413 edent
562 4363 595 4413 N.
648 4365 754 4416 XXXII
771 4366 876 4417 Nonius
895 4366 1019 4416 titan.
1038 4365 1266 4416 Eneombomata.
1284 4381 1404 4431 perna-

284 4430 382 4482 cidas
394 4429 488 4484 Guelf.
523 4430 646 4482 XXXIII
658 4433 887 4485 Nonius162su.
901 4432 1082 4487 Plumarium.
1096 4449 1113 4484 a
1125 4449 1177 4484 om.
1187 4432 1220 4484 N.
1233 4433 1360 4500 plagiis
1370 4434 1404 4487 N.

281 4498 402 4550 XXXIV
422 4499 526 4550 Nonius
547 4500 599 4551 483
621 4515 643 4550 s.
666 4516 693 4555 u.
719 4503 838 4566 Quaesti
861 4501 907 4552 uel
930 4502 1080 4568 quaestuis.
1126 4502 1282 4552 inserunt
1304 4504 1405 4568 scripsi

283 4568 457 4618 iusuarum
475 4566 572 4617 Bamb.
592 4567 670 4621 Leid.
695 4570 904 4622 iusInuarum
928 4569 1020 4625 (duell.
1041 4585 1139 4620 mann
1155 4569 1189 4620 N.
1209 4570 1332 4634 quibus
1354 4571 1404 4621 al-

283 4635 409 4686 melino
421 4633 455 4688 N.
475 4635 589 4687 correxi.
607 4634 656 4686 liu
669 4638 738 4691 ΠΝ
762 4638 961 4695 deribantN
1029 4638 1132 4696 XXXV
1149 4639 1254 4697 Nonius
1266 4640 1317 4700 494.
1335 4654 1356 4700 ⁵.-
1376 4654 1403 4699 u.

282 4703 384 4755 Rituis.
409 4704 496 4754 dlum
514 4701 650 4769 Scaliger.
