3559 5709
697 729 825 787 GAPV'I
854 730 877 785 II
1305 728 1347 792 69

225 900 485 975 tuirqiudemiam’
516 892 616 979 (Rud.
639 892 693 957 III
719 898 756 974 2,
778 892 834 976 22)
869 902 938 957 tum
967 902 1102 981 propter
1133 895 1346 960 artificiosum

224 997 308 1062 illud
338 1004 418 1076 ‘spes
445 1002 547 1060 auxili
577 1001 783 1074 arqenturto'.
814 1031 849 1040 —
870 983 970 1076 '‘App.
998 1016 1090 1077 μετρ.
1118 996 1150 1062 1:
1190 1002 1344 1063 ‘homines’
1462 997 1464 999 ’

175 1140 178 1144 ·
225 1098 388 1181 abundet3
410 1120 444 1161 u.
467 1097 568 1161 etiam
588 1119 620 1183 p.
638 1106 688 1167 73.
711 1132 754 1143 -
771 1086 939 1178 Ἀνθρωπ.
962 1096 1013 1161 11:
1042 1103 1144 1161 ‘auro'
1166 1109 1242 1184 post
1264 1098 1345 1164 ‘the-

224 1201 344 1266 sauris'
368 1220 649 1284 superuacaneum
671 1206 736 1281 est3
758 1197 980 1283 fragmentum
1000 1207 1104 1263 totum
1126 1199 1256 1285 poetica
1269 1217 1345 1265 con·

224 1311 292 1368 stet
313 1299 530 1383 sublimitate3
556 1300 597 1365 de
619 1299 830 1386 epanaphora
850 1299 941 1364 uocis
965 1304 1049 1365 ‘non’
1072 1322 1104 1364 ιι.
1119 1323 1153 1387 p.
1169 1307 1210 1369 69
1225 1300 1281 1366 fin.
1303 1338 1345 1351 -

223 1402 306 1470 ibid.
335 1402 404 1470 III:
438 1408 609 1467 ‘macellum
629 1407 771 1467 ‘Romuli'
804 1401 982 1467 artificiose
1018 1423 1097 1466 sane
1129 1401 1252 1467 dicitur
1283 1425 1343 1489 pro

223 1502 410 1568 ‘macellum
431 1503 638 1569 Romanum'.
660 1542 703 1552 -
725 1503 817 1567 Arm.
832 1502 902 1567 iud.
924 1502 952 1586 I,
975 1505 1031 1589 qui
1053 1501 1142 1568 locus
1164 1524 1229 1566 non
1252 1502 1344 1567 facili
1429 1585 1442 1594 ἦ

222 1628 325 1693 opera
345 1606 537 1670 tractandus
562 1614 622 1686 est,
646 1605 705 1670 sed
721 1613 837 1694 tamen
859 1603 942 1670 illud
965 1610 1071 1669 ‘utros’
1095 1626 1153 1689 pro
1176 1626 1251 1690 quo,
1274 1606 1344 1691 qui-

222 1729 350 1793 cunque
378 1707 443 1771 fuit
471 1707 706 1772 sententiarum
728 1728 889 1787 conexus,
917 1705 1065 1792 pedestri
1092 1727 1240 1770 sermone
1261 1713 1342 1771 teos’

220 1809 379 1874 usitatius
401 1808 480 1889 fuit,
496 1808 648 1873 uersibus
670 1808 892 1892 fragmentum
912 1807 1045 1871 uidetur
1067 1806 1268 1888 adtribuere,
1291 1807 1344 1871 cui

222 1909 370 1996 opinioni
397 1907 574 1975 uerborum
602 1908 772 1975 collocatio
801 1932 869 1975 non
896 1907 1107 1974 mediocriter·
1131 1908 1341 1994 suffragatur.

221 2013 265 2078 In
286 2033 386 2097 prosa
407 2012 453 2075 ita
479 2010 612 2075 fuisset:
643 2010 721 2074 ‘illic
748 2010 934 2096 praeclaros
963 2008 1175 2096 philosophos
1206 2009 1340 2090 hortari,

220 2124 260 2179 ut
282 2114 451 2177 rixarent’.
475 2148 518 2162 -
543 2111 627 2175 Bim.
650 2111 700 2176 II:
732 2121 765 2176 et
793 2118 935 2176 ‘omnino'
964 2120 1040 2177 ante
1069 2111 1185 2175 ‘omnis
1212 2111 1342 2177 heroas'

221 2213 374 2280 abundat
395 2225 428 2281 et
451 2222 556 2292 ‘nepot
576 2220 715 2279 nescisse'
745 2236 765 2276 a
787 2211 997 2299 simplicitate
1018 2213 1116 2277 nimis
1144 2214 1275 2279 recedit.
1300 2252 1343 2262 -

220 2317 304 2382 ibid.
328 2315 450 2381 XXII:
476 2324 579 2379 ‘sceno
601 2321 708 2397 uidit,
736 2315 834 2380 rebus
860 2313 940 2378 addi
963 2314 1127 2380 ‘uidendi'
1149 2314 1342 2383 facultatem

221 2428 274 2483 est
301 2439 404 2502 genus
433 2416 563 2482 dicendi
590 2440 610 2480 a
636 2438 735 2502 prosa
763 2414 923 2496 alienum,
952 2415 1061 2501 poesis
1083 2416 1269 2503 proprium3
1298 2417 1340 2480 cf.

221 2519 343 2604 Sexag.
366 2518 427 2583 IV.
451 2517 552 2603 Verg.
577 2518 698 2603 Georg.
720 2516 835 2599 11683
865 2516 906 2581 de
927 2518 1104 2582 uerborum
1125 2516 1340 2584 collocatione

220 2619 427 2685 11111111-
446 2618 527 2685 ibid.
544 2618 683 2684 XXIII:
708 2623 849 2699 ‘pedatus
870 2639 1010 2683 uersuum
1032 2624 1153 2684 tardor’
1177 2642 1276 2706 quam
1297 2620 1342 2687 sit
1377 2649 1382 2668 =
1443 2630 1449 2640 '

221 2720 496 2787 artificiosissima
522 2720 639 2801 dictio,
666 2742 760 2785 nemo
789 2741 855 2784 nou
881 2719 984 2785 uidet.
1015 2759 1054 2769 -
1083 2720 1180 2805 Capr.
1208 2743 1258 2808 pr.
1287 2722 1339 2787 11:

221 2830 408 2905 ‘premiaque
428 2829 611 2888 communia’
634 2823 811 2906 geminatio
840 2822 981 2907 a'prosa
1003 2821 1119 2885 aliena.
1145 2860 1183 2870 —
1207 2823 1340 2890 Deuict.

220 2926 286 2990 IV:
316 2930 458 3009 ‘Veneris
485 2934 589 3004 tenere
620 2929 719 3001 bioos'
752 2924 914 3009 poeticum
947 2933 997 2989 est
1029 2944 1090 3009 pro
1124 2929 1269 2989 ‘amaret
1301 2962 1336 2972 -

214 3016 323 3090 Ἐκατ.
346 3026 378 3090 Ι;
404 3024 557 3110 ε16116111)
582 3032 682 3106 fluens
707 3030 761 3089 sub
789 3028 940 3089 Sardibus
958 3030 1101 3108 flumen'3
1129 3024 1238 3113 ampla
1258 3024 1341 3091 haec

221 3127 417 3212 descriptio,
439 3127 510 3214 ipso
533 3125 675 3191 fluminis
697 3125 824 3190 nomine
848 3128 969 3209 celato,
998 3148 1018 3190 a
1044 3125 1190 3212 pedestri
1217 3126 1340 3213 simpli-

220 3229 322 3294 citate
345 3227 454 3293 aliena.
475 3236 542 3311 est,
567 3228 652 3293 sicut
675 3230 774 3293 etiam
794 3224 878 3291 illud
901 3234 1009 3292 ‘lutere
1029 3234 1127 3306 reoio'
1149 3227 1203 3292 uel
1231 3229 1341 3316 siquid

220 3328 313 3395 aliud
335 3330 404 3395 eius
427 3328 498 3396 Ioco
528 3329 715 3415 ponendum
743 3339 805 3395 est.
830 3366 864 3376 —
890 3328 971 3395 ibid.
995 3330 1041 3393 V:
1072 3307 1165 3409 ‘puri
1192 3351 1231 3394 uc
1248 3341 1338 3410 putu'

218 3454 280 3520 pro
302 3454 341 3497 eo
363 3430 452 3519 quod
474 3430 632 3497 usitatum
654 3442 706 3496 est
727 3438 823 3518 ‘pura
843 3439 937 3517 puta'
959 3427 1067 3495 locum
1088 3431 1253 3517 poeticum
1266 3432 1339 3496 red-

219 3534 299 3598 dere
332 3533 370 3598 L.
398 3531 576 3596 Muellerus
607 3556 640 3619 p.
655 3539 729 3602 ’435
763 3542 851 3597 recte
884 3532 1085 3597 obseruauit.
1131 3532 1230 3613 Quod
1260 3554 1339 3598 uero

217 3635 309 3700 idem
335 3657 368 3721 p.
389 3641 453 3709 439
479 3633 579 3699 Herc.
603 3644 627 3700 t.
649 3632 674 3697 f.
697 3634 734 3699 ΙΙ
762 3640 897 3719 propter
929 3654 1045 3698 uocem
1073 3637 1159 3714 ‘epse’
1188 3635 1339 3702 uersibus

218 3735 397 3822 componit,
419 3757 541 3800 uanum
564 3758 636 3800 esse
658 3744 875 3800 commentum
898 3734 1005 3800 obiter
1025 3735 1226 3801 monendum
1246 3747 1339 3823 puto.

217 3876 262 3885 -
284 3838 348 3902 Est
368 3860 411 3901 m.
434 3859 476 3901 m.
501 3837 532 3902 I:
563 3842 740 3902 ‘hilaritatis
767 3842 856 3902 dulce
881 3843 1089 3902 seminarium'
1112 3860 1177 3901 non
1205 3839 1338 3925 quidem

218 3939 390 4031 omnibus,
419 3937 478 4003 sed
499 3938 643 4003 Varroni
670 3948 782 4004 tamen
808 3937 1018 4004 artificiosius
1047 3946 1098 4002 est
1125 3960 1224 4024 quam
1251 3939 1339 4025 quod

216 4040 254 4104 in
275 4039 424 4126 pedestri
446 4061 594 4105 sermone
615 4043 771 4126 posuerit.
804 4039 1060 4126 Epanaphoram
1081 4061 1209 4126 quoque
1231 4038 1337 4126 qualis

216 4142 307 4205 inest
333 4138 367 4203 h.
388 4139 411 4204 l.
434 4149 486 4205 ter
514 4142 653 4228 repetito
676 4147 757 4208 ‘hoc’
787 4142 875 4228 apud
897 4141 1080 4205 Varronem
1106 4161 1172 4203 non
1198 4140 1338 4205 inueniri

215 4241 288 4306 fere
316 4241 388 4325 nisi,
409 4242 444 4306 in
472 4245 519 4307 eis
542 4264 626 4329 quae
649 4242 730 4308 alias
753 4263 880 4330 quoque
903 4242 945 4308 ob
968 4264 1084 4306 causas
1106 4243 1235 4328 poetica
1250 4241 1337 4327 (exc.

255 4551 259 4560 Α
280 4481 284 4490 ’
304 4498 329 4563 1)
348 4500 430 4550 Hanc
448 4501 570 4565 genetiui
588 4501 704 4552 formam
722 4500 796 4551 solus
813 4501 901 4558 Varro
920 4502 948 4549 et
965 4501 994 4549 in
1012 4498 1130 4565 poeticis
1147 4498 1257 4564 quidem
1274 4516 1337 4564 par·

214 4586 294 4637 tibus
315 4589 444 4651 usurpat:
468 4586 585 4651 lymplon
613 4585 698 4651 (uim.
721 4584 813 4651 XXI),
836 4586 961 4636 Arcados
984 4582 1064 4646 (End.
1087 4582 1177 4647 vm),
1206 4585 1337 4649 rhptluuon

216 4668 299 4733 (Bim.
317 4668 433 4734 XXIII).
