3559 5709
728 698 934 756 Loalsroatcr

743 861 918 928 MARIVS

705 965 763 1029 De
784 965 954 1030 fortuna

360 1171 468 1239 Schol.
497 1170 620 1235 Veron.
648 1169 682 1233 in
711 1169 795 1235 Aen.
823 1167 893 1232 VII
915 1176 974 1239 681
1006 1166 1085 1232 ‘Hic
1108 1164 1299 1251 (Caeculus)
1327 1164 1391 1230 col·

265 1274 412 1339 lecticiis
435 1273 623 1361 pastoribus
639 1272 817 1335 Praeneste
839 1269 1002 1334 fundauit.
1040 1269 1139 1333 Hunc
1154 1267 1261 1336 Varro
1284 1289 1305 1332 a
1326 1267 1391 1331 De-

188 1392 194 1395 ·
265 1376 374 1464 pidiis
398 1375 587 1462 pastoribus
616 1371 791 1439 educatum
818 1372 947 1460 ipsique
974 1370 1117 1457 Depidio
1146 1392 1264 1435 nomen
1285 1370 1391 1433 fuisse

267 1488 308 1543 et
329 1488 581 1563 cognomentum
596 1473 737 1541 Caerulo
761 1472 864 1540 tradit
885 1472 969 1539 libro
992 1473 1047 1559 qui
1061 1472 1253 1538 inscribitur
1266 1470 1390 1538 Marius

271 1588 334 1644 aut
356 1580 397 1644 de
418 1580 574 1646 fortuna?

358 1800 546 1866 Macrobius
579 1798 648 1864 Sat.
671 1798 726 1862 III
750 1806 805 1880 18,
830 1805 849 1867 6
878 1796 959 1862 ‘Est
981 1807 1090 1863 autem
1111 1796 1199 1861 natio
1221 1796 1391 1861 hominum

272 1904 371 1967 iuxta
398 1924 514 1987 agrum
541 1900 806 1982 Praenestinum,
841 1899 899 1987 qui
933 1898 1100 1964 Oarsitani
1132 1908 1293 1966 uocantur
1326 1888 1393 1960 dud
1426 1974 1428 1977 Ι

272 2006 344 2068 τῶν
370 1999 524 2086 καρύων,
553 2003 646 2067 cuius
673 2002 722 2067 rei
749 2002 897 2066 meminit
923 2002 1029 2067 Varro
1056 2002 1089 2064 in
1117 2002 1307 2086 logistorico
1336 1999 1392 2086 qui

270 2104 466 2173 inscribitur
488 2104 613 2169 Marius
638 2103 679 2169 de
701 2104 858 2170 fortuna?

728 2307 940 2374 MESSALA

671 2411 729 2476 De
750 2408 993 2475 ualetudine

365 2514 493 2581 Probus
516 2515 552 2578 in
572 2512 675 2598 Verg.
698 2512 756 2577 ecl.
781 2521 817 2596 6,
841 2522 879 2582 31
904 2535 937 2600 p·
961 2521 1001 2581 20
1024 2512 1066 2578 Κ.
1096 2509 1215 2575 ‘Varro
1239 2511 1337 2575 etiam
1358 2510 1393 2573 in

280 2618 470 2703 logistorico
494 2638 591 2703 quern
611 2616 780 2702 inscripsit
800 2614 945 2680 Messala
967 2614 1008 2679 de
1030 2614 1230 2695 ualetudine,
1253 2614 1313 2685 ait,
1337 2636 1392 2677 an·

275 2721 387 2807 tiquos
417 2728 564 2804 agrestes
592 2715 736 2782 uenandi
763 2717 904 2803 peritos,
932 2740 1006 2782 oum
1033 2716 1210 2803 plurimum
1238 2717 1273 2779 in
1301 2714 1393 2779 siluis

280 2831 432 2906 agerent,
464 2819 552 2907 quod
579 2818 682 2883 ueluti
711 2820 822 2884 Diana
849 2821 932 2885 duce
960 2820 1002 2883 ad
1029 2816 1278 2903 inuestigandas
1305 2820 1393 2881 feras

276 2921 362 2987 solas
386 2930 419 2987 et
441 2920 553 2986 deuias
576 2918 678 2985 siluas
693 2930 853 3006 peterent,
875 2921 1060 2986 Deuianam
1075 2919 1260 3007 appellasse
1275 2916 1392 2999 Deam,

276 3047 354 3089 mox
375 3023 519 3088 Dianam
547 3022 636 3109 quod
663 3021 909 3108 intellegerent,
938 3024 1075 3089 eandem
1104 3045 1176 3086 esse
1199 3042 1283 3108 quae
1307 3019 1392 3084 diem

276 3125 490 3193 nascentibus
515 3123 631 3190 daret?

363 3412 532 3480 Charisius
547 3437 578 3502 p.
596 3423 637 3486 59
660 3312 980 3502 ‘Varrdlirigdpote
994 3414 1075 3480 haec
1092 3435 1268 3501 praesepes
1285 3412 1391 3478 dixit?

737 3619 940 3687 ORESTES

714 3722 773 3788 De
794 3722 957 3787 insania

364 3821 489 3890 Gellius
512 3824 601 3891 XIII
623 3837 644 3897 4
671 3828 729 3891 ‘In
750 3824 835 3893 libro
863 3825 909 3891 M.
933 3823 1109 3907 Varronis,
1138 3825 1195 3913 qui
1216 3825 1393 3911 inscriptus

196 3961 202 3969 -
275 3932 329 3990 est
352 3925 485 4004 Orestes
513 3926 568 3993 uel
595 3927 635 3994 de
656 3928 802 4011 insania,
832 3926 1062 4015 Olympiadem
1088 3927 1233 4014 Philippi
1257 3948 1394 3992 uxorem

275 4027 491 4093 festinissime
513 4029 723 4117 rescripsisse
744 4029 883 4114 legimus
900 4030 1089 4094 Alexandro
1111 4027 1190 4092 filio.
1219 4026 1393 4093 Nemeum

276 4130 307 4193 is
330 4129 373 4194 ad
396 4139 534 4195 matrem
554 4133 602 4197 ita
625 4133 827 4219 scripsisset:
852 4132 938 4195 ‘Rex
960 4129 1160 4213 Alexander,
1185 4129 1276 4196 Iouis
1291 4129 1393 4195 Ham·

274 4230 384 4297 monis
408 4231 514 4316 filius,
537 4232 728 4321 Olympiadi
750 4234 848 4299 matri
872 4232 1011 4299 salutem
1033 4232 1138 4315 dioit',
1175 4231 1347 4319 Olympias
1364 4232 1394 4297 ei

275 4333 449 4421 rescripsit
482 4334 526 4400 ad
561 4336 646 4401 hanc
680 4336 891 4401 sententiam:
927 4335 1092 4401 ‘Amabo'
1114 4334 1222 4421 inquit
1250 4335 1314 4398 ‘mi
1334 4332 1393 4416 fili,

274 4435 427 4523 quiescas
449 4451 555 4524 neque
577 4436 707 4503 deferas
738 4461 790 4503 me
812 4459 917 4524 neque
943 4431 1115 4502 criminere
1142 4436 1319 4500 aduersum
1340 4436 1393 4501 Iu-

274 4558 413 4622 nonem,
442 4537 564 4603 malum
591 4540 672 4604 mihi
699 4562 833 4628 prorsus
861 4539 920 4604 illa
941 4559 1097 4623 magnum
1125 4537 1233 4621 dabit,
1262 4560 1336 4603 cum
1357 4546 1394 4603 tu

275 4662 329 4705 me
355 4639 474 4707 litteris
497 4641 562 4706 tuis
586 4641 725 4727 pelicem
748 4666 820 4708 esse
841 4642 891 4706 illi
914 4641 1104 4709 confiteris.'
