3559 5709
817 702 945 759 olum
967 703 988 759 n
1232 676 1234 681 ’
1417 698 1458 762 83

334 864 535 929 Corssenum
564 864 807 950 (Aussprache,
835 864 1041 929 Vocalismus
1071 888 1141 952 sqq.
1172 866 1203 929 d.
1232 864 1290 931 lat.
1319 868 1393 951 Spr.
1421 867 1457 932 Il

335 976 401 1035 454
423 989 494 1053 sqq.
517 966 594 1051 469)
616 989 742 1048 moneo,
769 967 824 1052 qui
847 990 981 1053 prorsus
1004 965 1078 1032 illas
1101 967 1225 1032 reiecit.

423 1070 494 1133 Iam
517 1090 617 1154 pergo
640 1068 684 1132 ad
711 1070 969 1153 septenarios
992 1068 1245 1151 trochaicos,
1275 1091 1356 1155 quos
1378 1069 1457 1154 legi·
1521 1057 1531 1074 ⁸

333 1170 399 1235 bus
422 1169 552 1233 illarum
574 1192 655 1256 quas
685 1170 726 1234 de
748 1171 886 1235 senariis
916 1172 1055 1256 exposui
1082 1170 1243 1235 similibus
1271 1170 1378 1235 Varro
1402 1171 1457 1235 ad-

334 1270 446 1337 hibuit
468 1279 509 1341 27
531 1272 726 1355 fragmentis
749 1282 913 1337 extantes.
957 1273 1043 1336 Nam
1071 1282 1104 1336 ct
1125 1270 1276 1337 Italicam
1298 1272 1457 1358 spondeo-

334 1396 412 1437 rum
438 1372 624 1439 libertatem
655 1373 752 1458 paulo
781 1384 911 1438 tantum
932 1375 1039 1438 rarius
1066 1384 1207 1460 usurpat
1234 1398 1331 1460 quam
1352 1375 1388 1438 in
1410 1398 1457 1440 se

333 1476 439 1540 uariis
463 1476 521 1561 (cf.
544 1475 637 1561 Sesq.
660 1476 763 1540 XVII
789 1478 874 1540 ecum
901 1482 1088 1541 mordacem.
1117 1481 1193 1557 Γερ.
1216 1476 1306 1541 XIII
1332 1479 1459 1542 aluntur

327 1583 499 1659 pauonum.
540 1577 653 1662 Magn.
675 1576 732 1643 tal.
755 1577 782 1641 I.
804 1579 908 1643 Abor.
932 1578 973 1641 V.
997 1577 1099 1663 alia),
1123 1578 1214 1642 cuius
1236 1578 1284 1642 rei
1305 1578 1358 1643 hic
1380 1602 1458 1665 quo-

336 1702 401 1765 que
416 1678 560 1743 medium
575 1678 709 1764 aliquod
724 1701 827 1763 genus
843 1679 1116 1764 deprehendimus
1131 1679 1457 1762 FeceraX--XIIL

333 1782 396 1846 ubi
417 1782 452 1845 in
474 1791 629 1867 quattuor
650 1781 801 1845 uersibus
825 1803 868 1845 ex
889 1782 1006 1847 codem
1028 1781 1171 1845 carmine
1193 1781 1375 1868 desumptis
1392 1782 1457 1847 duo

334 1892 467 1948 tantum
494 1881 632 1968 spondei
666 1882 776 1946 Italici
809 1883 1037 1967 occurrunt¹);
1064 1920 1108 1930 -
1138 1894 1171 1948 et
1205 1893 1281 1948 ante
1312 1883 1458 1948 iambum

333 1984 488 2049 ultimum
510 1984 675 2070 spondeus
699 2006 801 2070 aeque
823 1984 979 2071 frequens
1003 1993 1053 2048 est
1074 1995 1172 2070 atque
1194 1984 1229 2047 in
1244 1986 1381 2049 senariis
1400 1984 1457 2069 (cf.
1529 1990 1531 1993 ’

332 2085 536 2151 Ritschelius
559 2085 580 2149 l.
598 2107 626 2149 c.
642 2109 674 2171 p.
691 2085 807 2169 CCX),
831 2108 905 2149 cum
928 2094 968 2154 22
992 2085 1140 2172 spondei,
1163 2098 1182 2156 5
1206 2097 1334 2153 tantum
1354 2089 1459 2156 iambi

335 2211 375 2253 eo
398 2188 469 2252 loco
492 2187 713 2252 inueniantur.
757 2189 923 2252 Accentus
951 2187 1102 2252 uerbales
1124 2188 1316 2275 metricique
1337 2192 1371 2254 in
1393 2214 1458 2255 me·

335 2289 400 2354 diis
422 2311 578 2353 uersuum
599 2289 750 2374 partibus
774 2290 905 2374 saepius
928 2311 1026 2376 quam
1047 2288 1082 2351 in
1104 2289 1241 2354 senariis
1263 2313 1367 2377 neque
1389 2302 1458 2356 tam

335 2393 434 2456 certis
456 2390 586 2475 legibus
610 2391 810 2476 discrepant.

421 2491 549 2556 Eadem
575 2491 644 2556 fere
673 2490 864 2557 condicione
893 2492 1007 2577 scripti
1035 2503 1113 2558 sunt
1146 2493 1344 2557 octonarii
1375 2505 1457 2559 tro-

334 2586 468 2659 chaici
492 2595 586 2680 (quos
609 2615 725 2657 uersus
749 2592 837 2657 solus
859 2594 968 2659 Varro
991 2594 1142 2658 adhibuit
1165 2593 1207 2657 cf.
1223 2595 1262 2657 L.
1277 2594 1456 2660 Muellerus

334 2719 368 2782 p.
387 2697 462 2781 108)
477 2705 509 2760 et
532 2694 761 2781 septenarii
784 2706 821 2760 et
844 2697 1045 2761 octonarii
1068 2695 1248 2777 iambici,
1272 2720 1356 2782 quae
1378 2697 1457 2763 duo-

335 2797 498 2861 decimet
519 2819 637 2861 nouem
666 2806 699 2860 et
720 2819 780 2860 sex
801 2798 988 2882 fragmenta
1015 2797 1191 2861 continent.
1235 2798 1274 2861 In
1296 2798 1348 2861 his
1371 2800 1457 2863 enim

335 2921 466 2985 quoque
487 2898 600 2963 metris
624 2896 767 2983 (praeter
789 2897 824 2961 id
846 2898 934 2984 quod
956 2897 1071 2962 ultimo
1094 2898 1164 2962 loco
1187 2899 1368 2984 nominaui)
1391 2900 1456 2965 Ita·
1495 2937 1497 2942 ·

334 3000 419 3064 licae
441 3000 593 3064 licentiae
622 3022 696 3063 cum
724 3000 853 3065 Graeca
882 3000 1056 3064 seueritate
1079 2999 1239 3085 quaedam
1268 3001 1455 3066 commixtio

335 3101 620 3166 animaduertitur.
670 3102 822 3165 (leterum
853 3100 894 3164 de
922 3100 1071 3166 omnibus
1104 3102 1154 3164 his
1187 3100 1339 3165 uersibus
1368 3101 1457 3167 ualet

335 3202 425 3290 quod
445 3202 674 3267 Lachmannus
697 3204 732 3265 in
753 3204 851 3267 Lucr.
874 3203 910 3267 ΙΙ
933 3212 994 3273 719
1018 3203 1142 3283 statuit,
1166 3202 1269 3267 uerbo
1293 3202 1456 3289 dactylico

333 3304 453 3392 pedem
478 3305 666 3369 trochaeum
688 3304 813 3391 expleri
835 3307 870 3368 in
893 3305 1082 3368 uniuersum
1104 3328 1171 3370 non
1194 3303 1331 3387 debere,
1360 3328 1457 3390 quarn

335 3406 533 3470 sententiam
561 3429 635 3470 cum
663 3407 898 3471 Fleckeisenus
926 3407 960 3469 in
989 3406 1131 3470 Vahleni
1159 3405 1241 3469 coni.
1265 3428 1297 3490 p.
1321 3412 1382 3472 222
1410 3406 1458 3469 ita

332 3502 588 3588 circumciderit,
611 3521 648 3575 ut
671 3531 690 3571 a
711 3508 816 3594 primo
839 3531 955 3572 uersus
977 3506 1060 3593 pede
1083 3530 1156 3571 eam
1181 3505 1361 3587 secluserit,
1386 3508 1456 3582 ‘fri-

331 3618 422 3689 qore'
445 3620 478 3674 et
499 3614 644 3674 ‘uocibus’
670 3610 780 3693 (Eum.
796 3609 854 3674 IV.
871 3609 1008 3693 XXXI)
1024 3609 1177 3673 trochaeo
1200 3607 1284 3693 pede
1306 3618 1456 3671 constan-

332 3723 386 3779 tes
409 3734 446 3776 eo
468 3711 551 3798 pede
573 3712 703 3776 retinui.

422 3813 611 3878 Senarios
641 3835 756 3876 uersus
785 3821 1001 3877 scazontes
1030 3832 1094 3877 non
1124 3811 1268 3897 quinque
1295 3810 1392 3891 lociS,
1420 3821 1458 3875 ut

333 3914 503 3981 Vahlenus
526 3924 621 4001 putat
642 3937 674 4000 p.
692 3924 731 3985 88
755 3937 815 3999 sq.,
840 3916 899 3977 sed
921 3914 1033 3978 decem
1056 3923 1113 3977 aut
1134 3912 1285 3976 undecim
1307 3913 1455 3975 inuenies

331 4017 491 4101 legendos
513 4017 644 4080 circiter
667 4015 858 4080 octodecim.
893 4015 959 4095 Qui
981 4038 1046 4079 non
1068 4014 1200 4100 quidem
1223 4036 1345 4093 omnes,
1369 4012 1456 4097 quod

332 4119 566 4183 Lachmannus
605 4118 639 4179 in
673 4117 771 4182 Lucr.
805 4117 822 4180 I
852 4126 913 4187 186
945 4119 986 4182 (16
1024 4115 1150 4180 claudis
1186 4113 1345 4179 Varronis
1384 4136 1455 4177 uer·

332 4221 428 4285 sibus
462 4205 652 4284 dubitanter
689 4219 877 4305 proposuit,
913 4218 972 4283 sed
1004 4218 1149 4281 maxima
1170 4226 1281 4280 tamen
1313 4237 1330 4277 e
1361 4223 1456 4300 parte

420 4461 448 4526 ll
467 4461 645 4526 Septenarios
668 4460 825 4509 trochaicos
849 4459 903 4508 iam
928 4464 993 4507 ante
1015 4458 1166 4507 Varronem
1193 4472 1210 4504 a
1232 4455 1331 4505 Porcio
1356 4455 1456 4503 Licino

330 4546 382 4612 (cf.
403 4546 511 4596 Gellius
530 4545 610 4593 XVII
628 4547 674 4606 21,
698 4545 742 4606 45)
767 4560 871 4607 graeca
895 4559 990 4592 norma
1013 4541 1129 4589 tractari
1153 4540 1277 4603 Longius
1299 4557 1325 4605 p.
1344 4542 1376 4589 41
1400 4540 1456 4589 iam

330 4630 539 4681 animaduertit.

1210 4707 1254 4775 6*
