3559 5709
804 709 933 786 01111
963 710 973 763 1
1406 704 1449 769 43

333 869 506 934 Vahlenus
536 871 693 935 analectis
717 871 877 936 Nonianis
908 895 939 957 p.
965 883 984 942 9
1013 846 1174 936 esaturis
1203 874 1360 955 extrusit3
1393 895 1448 937 ex-

301 1032 305 1040 .
332 972 487 1038 trudatur
514 973 614 1037 etiam
635 971 789 1055 Fulgenti
817 974 1004 1059 impostoris
1033 973 1139 1055 fraus,
1167 996 1233 1061 qua
1254 979 1451 1055 Mystapoqos

333 1074 494 1139 Varronis
516 1073 642 1138 inuenit
669 1074 919 1159 fragmentoque
947 1075 1097 1158 donauit,
1135 1074 1223 1162 quod
1245 1076 1449 1140 Varroniano

333 1174 466 1240 dicendi
488 1197 607 1259 genere
630 1197 763 1261 prorsus
780 1185 864 1261 eget.
902 1176 1052 1262 Denique
1075 1184 1219 1258 epistulas
1233 1183 1377 1241 Latintae
1398 1176 1452 1242 uel

332 1283 492 1358 epistulam
514 1281 672 1355 Latinam,
698 1275 779 1342 duos
802 1278 936 1342 minime
957 1276 1058 1343 libros
1082 1279 1341 1365 amplectentem,
1365 1278 1451 1365 quod

333 1402 416 1465 opus
439 1376 644 1443 Mercklinus
673 1379 919 1465 quaestionibus
943 1379 1159 1445 Varronianis
1188 1402 1219 1466 p.
1245 1389 1284 1450 13
1313 1388 1346 1443 et
1368 1403 1450 1444 mus.

332 1479 445 1566 philol.
462 1480 534 1545 XII
557 1488 618 1552 387
641 1481 760 1551 saturis
783 1480 972 1563 uindicauit,
995 1482 1070 1548 nolo
1094 1504 1136 1547 ex
1159 1482 1371 1568 epistularum
1394 1506 1452 1546 nu·

331 1583 425 1648 mero
442 1582 600 1663 eximere,
625 1605 698 1646 curn
720 1582 941 1668 fragmenta¹)
963 1593 996 1648 et
1011 1582 1223 1649 allocutiones
1240 1593 1273 1648 01
1288 1582 1452 1648 scribendi

331 1706 436 1769 genus
458 1706 536 1747 uere
559 1682 735 1770 epistulare
759 1683 952 1768 ostendant3
981 1708 1065 1770 quae
1093 1695 1202 1750 tamen
1229 1685 1451 1771 inscriptionis

335 1788 384 1851 sit
406 1785 492 1849 ratio
516 1808 590 1850 curn
605 1785 804 1851 Ritschelius
827 1786 849 1849 l.
866 1808 943 1872 011.
967 1796 1028 1858 538
1051 1810 1121 1874 sqq.
1146 1787 1293 1853 omnibus
1318 1785 1453 1871 diligen-

331 1886 458 1952 tissime
481 1887 651 1974 perpensis
674 1887 817 1954 noluerit
839 1888 1032 1970 decernere,
1054 1911 1114 1953 nos
1138 1911 1281 1976 quoque,
1306 1910 1452 1974 praeser-

331 1989 394 2053 tim
416 2012 491 2054 cum
512 1989 559 2052 nil
580 1988 683 2054 faciat
704 1990 787 2054 hacc
801 1991 950 2075 quaestio
974 1988 1099 2054 adrem
1114 2001 1272 2073 nostram,
1296 1990 1330 2053 in
1344 1989 1451 2056 medio

331 2090 565 2177 relinquemus.
880 2167 883 2172 ι

362 2238 366 2245 -
420 2192 492 2256 Iam
515 2202 690 2278 postquam
713 2203 842 2258 saturas
866 2196 1073 2276 enumeraui,
1097 2218 1135 2260 eo
1159 2192 1394 2278 transgrediar,
1417 2205 1454 2260 ut

332 2294 376 2358 de
397 2291 462 2385 illis
486 2293 735 2381 inscriptionum
763 2295 931 2382 partibus,
961 2318 1043 2381 quae
1073 2296 1236 2381 incipiunt
1261 2317 1345 2360 uoce
1368 2291 1453 2376 περὶ,

333 2396 443 2460 dicam
465 2393 544 2481 quid
566 2397 716 2460 sentiam.
761 2398 820 2462 Eis
845 2398 930 2461 enim
952 2420 1147 2484 quamquam
1169 2397 1216 2462 ita
1234 2419 1313 2460 usus
1330 2420 1402 2460 sum
1417 2406 1455 2461 ut

332 2508 465 2563 saturas
489 2519 561 2562 esse
584 2497 739 2579 dicerem,
764 2499 881 2584 quibus
905 2499 999 2564 libris
1023 2506 1134 2563 essent
1155 2497 1280 2562 inditae
1287 2548 1296 2580 ,
1320 2521 1385 2563 non
1408 2506 1454 2562 ta-

331 2621 409 2663 men
424 2601 465 2665 ab
481 2599 554 2685 ipso
569 2599 719 2664 Varrone
734 2600 898 2683 inuentas,
922 2601 982 2666 sed
1005 2624 1024 2665 a
1038 2599 1229 2687 posterioris
1253 2602 1327 2664 aeui
1349 2621 1455 2684 gram-

331 2701 455 2767 matico
483 2700 654 2787 impositas
684 2724 755 2765 esse
783 2713 874 2788 puto.
920 2704 995 2784 Qua
1023 2703 1063 2767 de
1090 2725 1125 2765 re
1153 2699 1319 2765 cum‘alio
1346 2700 1450 2781 loco²)

331 2803 519 2867 accuratius
550 2802 778 2888 disputaturus
808 2805 868 2868 sim
875 2852 884 2886 ,
917 2804 970 2869 hic
999 2814 1127 2868 tantum
1155 2803 1264 2888 capita
1291 2801 1453 2889 quaedam

331 2904 628 2988 argumentationis
644 2915 800 2991 repetam.
837 2905 1063 2970 Secundarum
1079 2906 1181 2989 igitur
1195 2904 1453 2990 inscriptionum,

333 3028 418 3092 quas
441 3006 475 3069 in
498 3007 634 3091 triginta
656 3017 813 3094 quattuor
835 3007 929 3072 libris
952 3008 974 3072 i.
1000 3030 1027 3071 e.
1059 3008 1094 3069 in
1116 3005 1215 3071 tertia
1237 3005 1305 3070 fere
1329 3015 1455 3071 satura·

331 3130 409 3171 rum
430 3118 525 3193 parte
546 3105 697 3193 legimus,
721 3109 847 3173 Nonius
870 3110 904 3172 in
927 3110 1032 3195 primo
1055 3108 1187 3196 quidem
1209 3118 1243 3173 01
1258 3107 1400 3172 0001111110
1423 3118 1456 3172 01

333 3218 431 3274 sexto
462 3207 546 3274 libro
569 3211 747 3275 maximam
768 3220 895 3296 partem
917 3213 965 3275 ita
987 3235 1007 3274 a
1029 3211 1149 3275 saturis
1173 3209 1319 3295 singulas
1343 3209 1456 3274 inscri-

330 3312 465 3397 ptiones
487 3312 684 3377 habentibus
708 3313 911 3397 segregauit,
945 3323 982 3377 ut
1010 3323 1185 3398 appareat,
1218 3334 1235 3375 0
1258 3311 1387 3377 duobus
1411 3310 1456 3375 di·

330 3412 441 3477 uersis
464 3412 611 3478 fontibus
629 3436 702 3477 eum
717 3425 903 3479 saturarum
918 3413 961 3478 ad
981 3424 1154 3500 utrumque
1169 3436 1271 3497 genus
1295 3411 1457 3498 pertinen·

331 3515 419 3579 tium
440 3514 591 3579 notitiam
611 3513 774 3580 hausisse.
811 3517 992 3602 Praecipue
1014 3525 1123 3580 autem
1140 3514 1217 3579 inde
1234 3513 1349 3595 elucet,
1374 3513 1456 3577 duas

332 3624 523 3681 saturarum
537 3617 634 3680 unius
651 3616 738 3681 tituli
753 3617 962 3684 collectiones
979 3617 1008 3681 ei
1025 3618 1110 3704 (siue
1126 3617 1251 3681 auctori
1267 3615 1352 3701 eius)
1365 3638 1457 3682 usur-

330 3726 431 3805 patas
447 3717 561 3800 fuisse,
585 3741 724 3804 quarum
740 3719 843 3784 011010
859 3719 1008 3785 constitit
1031 3720 1078 3805 (et
1092 3719 1155 3784 hoc
1170 3718 1302 3805 quidem
1316 3716 1458 3804 plurima

424 3976 449 4041 1)
470 3978 700 4043 Fragmentomm
724 3977 768 4027 hic
788 3982 966 4043 conspectum
985 3978 1065 4027 dabo.
1102 3978 1206 4027 Nonius
1224 3993 1250 4042 p.
1270 3977 1332 4025 141:
1358 3976 1457 4024 ‘Varro

333 4061 461 4127 epistula
477 4061 581 4112 latina:
600 4064 624 4111 si
634 4064 749 4113 00010000
763 4062 881 4127 Capuam,
902 4064 971 4128 quod
982 4070 1007 4112 et
1022 4079 1119 4127 pueros
1136 4064 1243 4112 minutos
1260 4062 1332 4109 uides
1350 4059 1458 4109 libenter

325 4153 363 4199 ‚et
379 4148 483 4197 maioris
500 4149 706 4197 animaduertere
724 4164 774 4198 000
791 4150 850 4200 uis’.
875 4174 907 4182 -
931 4148 1008 4197 Idem
1025 4148 1135 4211 1,·4191
1163 4147 1261 4195 ‘Varro
1280 4180 1286 4194 .
1307 4178 1312 4189 .
1332 4143 1458 4207 epistulis

331 4232 482 4282 Latiniae:
500 4234 524 4282 si
536 4240 560 4281 te
578 4234 604 4281 10
617 4231 758 4282 libertatem
769 4234 904 4283 uindicare
916 4248 966 4282 000
983 4240 1064 4296 potes,
1081 4233 1154 4295 seres
1163 4232 1314 4295 fortunam&
1334 4255 1367 4263 -
1380 4227 1457 4277 Idem

330 4336 364 4385 p.
383 4318 445 4366 121:
469 4317 568 4366 ‘Varro
593 4315 714 4381 epistula
732 4316 822 4367 latina
840 4316 911 4366 libro
930 4318 971 4366 11:
995 4333 1060 4366 nanc
1085 4316 1111 4381 (I
1129 4318 1203 4365 innoc
1222 4311 1297 4378 libri)
1321 4329 1375 4363 cum
1398 4314 1458 4363 ami-

331 4418 421 4455 corum
439 4401 636 4465 110100οῘ0001,
661 4402 807 4453 hilaresco&
831 4428 864 4437 -—
886 4402 961 4451 Idem
981 4401 1089 4465 114731
1114 4401 1211 4449 ‘Varro
1232 4396 1351 4464 epistula
1368 4397 1457 4448 latina
1478 4412 1486 4423 ·

332 4484 407 4536 libro
425 4486 467 4535 II:
487 4492 553 4536 tuum
571 4501 635 4549 opas
654 4501 724 4536 acmo
742 4488 841 4536 imitare
858 4491 964 4551 11010οΡ.

421 4568 451 4635 2)
481 4568 524 4619 Cf.
560 4568 690 4634 Symbola
723 4569 820 4636 philol.
855 4572 884 4620 in
920 4571 1052 4622 honorem
1085 4569 1132 4620 Fr.
1162 4567 1299 4619 Ritscheli
1334 4566 1454 4623 conlata,

332 4656 434 4707 fascic.
454 4656 492 4706 H.
