3559 5709
743 678 948 736 latuissent!
1341 672 1403 735 253

281 853 434 912 tutorum
456 844 597 930 scriptae
620 851 713 907 erant
734 864 872 924 causae,
895 844 929 906 in
953 841 1068 906 urbem
1090 839 1225 927 pertulit
1247 840 1290 906 ad
1312 862 1403 927 prae-

282 957 403 1012 torem.
447 947 494 1011 At
516 944 570 1010 ille
593 968 667 1011 cum
690 945 890 1030 inspexisset
912 943 1091 1030 principia,
1115 966 1182 1006 rem
1202 952 1327 1008 tantam
1351 943 1403 1006 de-

283 1049 365 1113 tulit
386 1048 430 1112 ad
453 1057 612 1112 senatum.
659 1046 724 1112 Vbi
747 1069 821 1110 cum
847 1046 1006 1133 primores
1036 1031 1194 1130 quasdam
1221 1066 1338 1110 causas
1360 1043 1403 1107 Ie-

282 1150 430 1234 gissent,
461 1172 519 1214 cur
546 1148 691 1235 quidque
721 1148 756 1211 in
780 1148 881 1212 sacris
911 1148 1011 1212 fuerit
1037 1147 1242 1226 institutum,
1277 1146 1403 1210 Numae

286 1262 418 1317 mortuo
451 1261 583 1315 senatus
607 1250 764 1315 adsensus
794 1259 843 1314 cst
870 1272 990 1336 eosque
1018 1249 1119 1315 libros
1142 1258 1308 1335 tamquam
1331 1246 1403 1311 reli·
1482 1322 1485 1327 p

284 1356 372 1439 giesi
394 1364 505 1440 patres
529 1352 706 1438 conscripti
730 1361 862 1438 praetor
884 1360 922 1416 ut
944 1352 1149 1417 combureret
1171 1359 1379 1415 censuerunt.

821 1471 872 1536 IV

375 1573 581 1658 Augustinus
604 1573 650 1639 ib.
673 1572 742 1637 VII
765 1582 804 1643 35
834 1573 932 1637 ‘Nam
954 1574 1079 1659 etipse
1102 1572 1262 1640 Numa..
1285 1570 1405 1658 hydro-

287 1676 435 1740 mantian
457 1675 567 1740 facere
590 1673 776 1761 compulsus
800 1683 867 1758 ost,
890 1681 982 1740 utin
1004 1697 1090 1761 aqua
1104 1674 1233 1739 uideret
1246 1673 1405 1758 imagines

289 1777 423 1842 deorum
447 1825 478 1841 ..
503 1777 664 1864 aquibus
689 1776 835 1859 audiret,
859 1777 937 1863 quid
960 1777 995 1840 in
1018 1776 1121 1841 sacris
1145 1776 1343 1842 constituere
1358 1785 1406 1838 at-

288 1901 352 1965 que
388 1879 565 1944 obseruare
598 1879 742 1944 deberet.
797 1878 895 1959 Quod
930 1901 1034 1964 genus
1070 1877 1283 1944 diuinationis
1319 1876 1406 1941 idem
1523 1888 1526 1893 '

288 1980 396 2045 Varro
432 2004 452 2044 a
479 1981 590 2045 Persis
619 1980 700 2044 dicit
726 1979 876 2062 allatum,
914 2003 978 2067 quo
1007 1991 1040 2045 et
1067 1980 1175 2066 ipsum
1203 1978 1345 2044 Numam
1373 1988 1406 2043 et

288 2093 405 2169 postea
426 2082 652 2169 Pythagoram
673 2081 904 2169 philosophum
925 2105 1019 2146 usum
1042 2082 1144 2145 fuisse
1164 2090 1404 2161 commemorat,

288 2184 346 2250 ubi
369 2183 518 2249 adhibito
547 2184 705 2269 sanguine
732 2184 829 2248 etiam
857 2184 980 2248 inferos
1009 2184 1159 2269 perhibet
1185 2183 1346 2247 sciscitari
1374 2193 1407 2246 et

287 2287 552 2369 νεκρομαντείαν
579 2307 696 2370 graece
726 2284 806 2351 dicit
833 2286 955 2352 uocari.
973 2334 981 2350 .
999 2334 1032 2350 ..
1060 2279 1168 2350 Varro
1197 2284 1327 2351 illorum
1356 2307 1405 2348 sa·

287 2409 416 2453 crorum
438 2388 520 2452 alias
542 2388 653 2453 neseio
676 2409 757 2474 quas
781 2410 897 2452 causas
919 2386 1010 2451 uelut
1037 2386 1190 2473 physicas
1212 2388 1405 2473 interpreta-

289 2499 425 2554 tur...
469 2489 567 2571 Quod
596 2511 673 2574 ergo
703 2512 819 2576 aquam
848 2490 1007 2574 egesserit
1039 2489 1074 2553 id
1102 2498 1152 2553 cst
1181 2487 1405 2575 exportauerit

288 2591 395 2655 Numa
416 2591 616 2678 Pompilius,
645 2590 733 2655 unde
759 2590 1015 2678 hydromantian
1041 2591 1182 2673 faceret,
1211 2590 1285 2655 ideo
1313 2611 1404 2675 nym-

287 2691 386 2778 pham
407 2693 563 2777 Egeriam
586 2693 759 2777 coniugem
787 2694 908 2760 dieitur
929 2693 1101 2774 habuisse,
1133 2692 1404 2780 quemadmodum

287 2793 323 2856 in
344 2793 534 2881 supradicto
558 2794 643 2862 libro
666 2794 826 2861 Varronis
850 2798 1050 2881 exponitur!

814 2914 877 2997 †V

373 3014 507 3081 Seruius
530 3016 562 3079 in
579 3017 663 3081 Aen.
680 3016 810 3088 111359
833 3016 953 3082 ‘Varro
976 3026 1086 3081 autem
1109 3026 1265 3103 quattuor
1286 3039 1406 3102 genera

287 3115 528 3183 diuinationum
550 3118 645 3182 dicit:
670 3128 791 3182 terram
814 3128 923 3183 aerem
939 3142 1058 3205 aquam
1079 3120 1199 3204 ignem,
1222 3120 1405 3203 geomantis

287 3220 485 3283 aeromantis
514 3222 715 3307 pyromantia
738 3220 990 3306 hydromantia!
1035 3223 1126 3285 Idem
1155 3222 1235 3286 dicit
1258 3221 1404 3287 Isidorus

287 3321 390 3407 origg.
414 3320 500 3385 VIII
524 3331 553 3403 9,
578 3331 628 3391 13.
673 3322 811 3386 Ioannes
836 3323 960 3388 Sarisb.
985 3322 1103 3388 Policr.
1127 3325 1143 3387 I
1167 3333 1217 3392 11.

613 3491 792 3558 GALLVS
815 3492 1081 3558 FVNDANIVS

676 3595 734 3659 De
756 3595 1013 3660 admirandis

373 3797 505 3864 Seruius
538 3798 573 3861 in
607 3796 729 3884 Geurg.
760 3797 898 3870 111113
933 3802 1003 3865 ‘De
1033 3800 1094 3867 hoc
1122 3802 1229 3868 Varro
1256 3802 1291 3868 in
1320 3799 1405 3870 libro

286 3900 344 3986 qui
363 3899 564 3967 Mirabilium
585 3900 792 3967 inscribitur:
816 3901 1067 3968 Erichthonium
1089 3906 1230 3990 primum
1251 3914 1406 3992 quattuor

284 4000 433 4068 iunxisse
462 4025 562 4090 equos
589 4001 677 4067 ludis
705 4004 760 4090 qui
783 4003 1028 4070 Panathenaica
1057 4004 1285 4091 appellentur.'
1329 4006 1404 4070 Phi·

283 4101 438 4190 largyrus
461 4103 551 4170 ibid·
586 4103 706 4169 ‘Varro
728 4103 763 4168 in
785 4104 868 4171 libro
897 4107 954 4192 qui
976 4106 1235 4172 Admirabilium
1256 4107 1404 4175 inscribi-

284 4214 340 4269 tur
361 4203 612 4271 Erichthonium
634 4207 681 4272 ait
703 4208 844 4293 primum
859 4231 960 4294 equos
976 4218 1130 4294 quattuor
1152 4210 1301 4275 iunxisse
1316 4209 1403 4275 ludis

283 4305 342 4392 qui
357 4306 589 4374 Panathenaea
602 4308 831 4396 appellentur.'

828 4363 972 4477 n'

370 4511 538 4579 Arnobius
568 4511 618 4577 VI
648 4521 666 4583 3
701 4514 923 4602 ‘Templorum
956 4512 985 4579 si
1018 4514 1148 4603 quaeris
1182 4517 1298 4583 audire
1332 4520 1404 4607 quis

283 4611 376 4702 prior
397 4616 498 4679 furerit
520 4614 717 4697 fabricator,
747 4626 803 4682 aut
826 4618 1016 4683 Phoroneus
1040 4620 1226 4707 Aegyptius
1256 4630 1314 4688 aut
1335 4622 1403 4687 Me-
