3559 5709
333 698 375 763 84
805 702 932 760 ulrvr
955 701 978 758 ll

334 871 464 934 Graeca
490 878 566 931 sunt
589 866 762 930 seueritate
785 864 973 951 compositi3
1002 886 1118 950 nempe
1143 873 1247 929 metro
1270 887 1290 929 a
1312 864 1451 931 neoteri-

253 1044 262 1060 ι
333 971 380 1034 cis
405 969 536 1034 demum
557 968 674 1054 poetis,
692 967 835 1033 fortasse
858 967 1043 1031 aVarrone
1063 966 1146 1052 ipso,
1162 966 1300 1032 Romam
1323 967 1452 1031 inuecto

333 1081 488 1135 nontam
516 1068 823 1156 pugnandum'erat
850 1078 967 1134 contra
994 1066 1144 1133 Italicam
1173 1066 1327 1134 duritiem
1355 1062 1452 1155 quam

334 1173 380 1237 eis
410 1194 494 1259 quae
521 1170 747 1236 scaenicorum
774 1170 840 1235 iam
867 1193 929 1235 usu
957 1169 1097 1236 formam
1124 1192 1217 1234 suam
1245 1180 1450 1257 acceperant.

334 1275 444 1355 Quare
467 1283 583 1359 quater
605 1295 661 1357 pes
686 1272 861 1354 secundus,
878 1283 929 1338 ter
944 1282 1071 1337 tantum
1093 1271 1189 1359 (Pap.
1206 1272 1288 1337 XII.
1304 1270 1394 1340 End.
1410 1271 1449 1337 V.

338 1367 382 1440 Td
400 1372 449 1438 ἐπ.
465 1397 492 1441 τ.
510 1398 590 1457 φακ.
606 1374 656 1461 Π)
679 1387 815 1461 quartus
838 1374 1018 1460 productus
1042 1384 1108 1458 est,
1130 1395 1226 1461 porro
1244 1375 1379 1461 quintus
1395 1397 1451 1461 pes

332 1488 461 1543 tantum
483 1501 549 1543 non
571 1476 692 1562 ubique
715 1476 912 1562 elegantiam
932 1475 1039 1541 induit
1067 1478 1141 1563 puri
1166 1476 1284 1558 iambi,
1316 1478 1375 1563 qui
1402 1487 1451 1542 ter

335 1579 435 1665 (End.
452 1579 494 1642 V.
518 1578 608 1663 Epit.
626 1578 652 1641 l.
675 1578 815 1665 Marcip.
830 1577 948 1663 XVII)
966 1578 1147 1663 spondeum
1161 1601 1292 1665 quoque
1314 1578 1451 1644 moleste

333 1681 475 1767 accepit,
505 1678 541 1742 id
563 1680 651 1766 quod
678 1703 761 1744 unus
784 1691 859 1766 post
881 1678 974 1743 illum
996 1678 1153 1745 Boethius
1176 1680 1311 1746 admisit
1334 1679 1393 1766 (cf.
1412 1680 1450 1745 L.

332 1781 510 1846 Muellerus
532 1805 565 1867 p.
590 1790 650 1851 149
674 1783 749 1867 sq.).
793 1781 930 1846 Errauit
951 1782 1053 1866 igitur
1074 1780 1244 1846 Vahlenus
1266 1780 1288 1846 l.
1312 1805 1354 1864 c.,
1378 1803 1450 1846 cum

333 1882 496 1970 spondeos
519 1906 539 1947 a
561 1882 704 1947 secundo
727 1905 839 1969 paene,
865 1905 885 1945 a
907 1893 1022 1969 quarto
1045 1892 1078 1947 et
1092 1882 1206 1969 quinto
1220 1882 1306 1969 pede
1322 1884 1450 1949 omnino

333 1985 532 2050 excluderet.
576 1987 742 2050 Accentus
770 1985 946 2063 uerborum
968 2006 1188 2070 uersuumque
1214 1986 1250 2049 in
1271 1984 1384 2050 media
1405 1986 1449 2049 di·

332 2087 433 2173 podia
454 2086 660 2151 consentiunt
688 2096 818 2172 praeter
845 2086 932 2152 End.
954 2086 997 2150 V.
1024 2085 1160 2172 Papiap.
1184 2086 1256 2151 XII
1282 2096 1317 2153 et
1342 2087 1450 2152 Prom.

333 2190 403 2253 XII
427 2187 505 2273 (nisi
527 2188 575 2252 ibi
597 2198 648 2252 est
670 2210 775 2253 sermo
798 2188 977 2275 pedester).

418 2290 623 2355 Seueriorem
660 2289 759 2356 etiam
794 2310 941 2353 normam
985 2289 1183 2354 trochaici
1227 2292 1449 2377 septenarii

333 2392 469 2456 claudi
492 2402 657 2474 secuntur,
683 2414 763 2479 quos
786 2392 820 2454 in
843 2392 956 2457 decem
977 2390 1171 2476 fragmentis
1186 2392 1384 2458 inuenimus.
1412 2395 1451 2459 In

331 2494 448 2559 horum
471 2494 558 2556 enim
579 2515 751 2574 uersuum,
780 2493 900 2579 quibus
929 2494 1017 2559 solus
1040 2494 1146 2557 Varro
1174 2493 1261 2558 inter
1281 2493 1449 2561 Romanos

233 2635 257 2661 a·
331 2618 411 2658 usus
435 2603 485 2657 est
508 2593 565 2677 (cf.
588 2594 626 2657 L.
649 2593 827 2658 Muellerus
857 2618 889 2681 p.
914 2594 1000 2679 111),
1024 2606 1118 2681 parte
1140 2595 1248 2681 priore
1270 2618 1449 2683 nunquam,

332 2697 366 2757 in
389 2696 568 2780 posteriore
596 2696 648 2760 his
677 2705 804 2760 tanturn
828 2696 964 2782 (Sexag.
987 2696 1031 2760 X.
1056 2696 1175 2781 XXII)
1205 2696 1371 2783 spondeos
1395 2698 1450 2763 ad-

331 2796 421 2860 misit
447 2796 482 2859 in
512 2796 606 2862 sedes
635 2797 792 2883 impareS,
821 2796 921 2863 semel
949 2808 1077 2863 tantum
1099 2798 1288 2863 ultimarum
1312 2799 1450 2866 duarum

332 2897 534 2983 syllabarum
561 2898 750 2964 trochaeum
778 2900 847 2963 siue
876 2900 1057 2985 spondeum
1085 2901 1249 2985 spondeus
1281 2902 1449 2987 praecedit

333 3000 493 3086 (Marcop.
522 2999 589 3085 ΙΙΙ)
600 3050 609 3082 ,
639 3000 738 3066 semel
766 3000 846 3064 adeo
875 3012 1003 3066 tantum
1031 3002 1131 3066 arsim
1158 3003 1192 3065 in
1219 3001 1302 3066 duas
1331 3004 1448 3068 breues

332 3100 472 3165 solutam
493 3100 632 3186 legimus
656 3102 762 3187 (Virg.
788 3103 855 3166 diu.
878 3102 990 3190 VIII).

415 3203 445 3265 E
474 3202 636 3289 dactylico
665 3225 783 3288 genere
816 3205 1043 3269 hexametri
1071 3214 1112 3275 23
1146 3205 1333 3290 fragmenta
1366 3207 1448 3272 obti-

331 3312 409 3367 nent
436 3313 468 3368 et
496 3302 676 3369 disticha
708 3304 894 3390 elegiaca
925 3331 985 3372 sex
1015 3306 1095 3372 locis
1130 3318 1262 3373 seruata
1293 3317 1386 3372 sunt·
1408 3308 1449 3391 (si

331 3407 427 3470 Eum.
456 3405 585 3471 XXVI.
614 3406 752 3471 XXVII
784 3430 843 3493 pro
879 3408 1006 3473 duobus
1039 3408 1171 3491 haheo).
1225 3409 1278 3473 De
1311 3431 1449 3495 quorum

330 3506 438 3571 indole
460 3507 557 3573 modo
580 3508 697 3592 grandi
720 3520 753 3574 et
775 3509 918 3592 sublimi,
940 3510 1037 3574 modo
1060 3512 1150 3574 tenui
1173 3521 1206 3575 et
1220 3510 1334 3575 ieiuna
1348 3534 1449 3598 supra

332 3607 417 3691 dixi,
442 3607 482 3671 de
505 3630 539 3672 re
562 3611 698 3674 metrica
719 3611 765 3673 nil
787 3611 893 3675 habeo
916 3611 1003 3697 quod
1025 3633 1282 3676 commemorem.

340 3713 344 3720 ’
415 3707 517 3772 Porro
548 3722 789 3797 anapaestos
820 3712 1006 3777 dimetris
1038 3714 1237 3800 compositos
1265 3736 1387 3779 nouem
1417 3724 1450 3779 et

330 3820 589 3875 tetrametros
613 3811 877 3879 catalecticos
902 3814 972 3879 siue
995 3816 1349 3901 aristophaneos¹)
1366 3838 1448 3903 quos

329 3912 599 3977 inconcitatiore
623 3913 743 4000 eloquii
766 3916 907 3982 elatione
933 3940 1166 4004 nonnunquam
1192 3917 1366 4003 usurpauit
1389 3941 1449 3983 sex

329 4015 514 4099 fragmenta
543 4015 713 4098 exhibent,
749 4018 866 4104 quibus
901 4018 935 4082 in
966 4020 1114 4105 utrisque
1148 4019 1295 4103 grauitas
1328 4020 1449 4085 Varro-

329 4118 427 4181 niana
450 4117 610 4203 spondeos
640 4117 869 4204 dactylosque,
899 4120 956 4206 qui
977 4119 1157 4185 uolubilem
1183 4120 1325 4184 thesium
1348 4124 1449 4206 gemi-

329 4219 494 4283 nationem
517 4218 644 4300 tollunt,
667 4218 768 4284 multo
792 4222 922 4306 saepius
939 4244 1036 4307 quam
1057 4223 1146 4307 ipsos
1171 4232 1367 4307 anapaestos
1391 4246 1448 4309 po-

330 4321 406 4383 suit.
434 4319 673 4384 Monometrum
696 4330 805 4386 autem
827 4345 906 4385 num
928 4322 974 4407 fg.
998 4322 1146 4388 dimetris
1169 4324 1334 4388 constanti
1349 4324 1448 4389 Eum.

330 4420 445 4484 XLVI
470 4420 685 4487 immiscuerit
713 4428 811 4487 ‘nexu
838 4426 868 4487 r'n
897 4425 1010 4507 ualqi',
1040 4426 1213 4490 decernere
1235 4425 1338 4508 nolu,
1372 4450 1449 4492 cum

329 4576 439 4582 -—..-.—.-
451 4577 531 4585 ᾤ...-

399 4646 422 4706 1)
437 4644 541 4705 Quibus
555 4646 628 4696 solus
641 4650 703 4711 post
716 4648 865 4697 Varronem
879 4647 998 4699 Serenus
1011 4650 1104 4713 utitur,
1118 4665 1144 4699 u.
1155 4649 1346 4700 L.Muellerus
1355 4665 1381 4716 p.
1391 4653 1450 4702 107.
