3559 5709
309 691 349 755 10
779 698 908 753 CAPVT
937 700 950 757 1

308 870 376 925 tum
398 870 430 925 et
451 861 576 925 funium
597 861 742 925 haberet.
787 861 898 925 Vnum
920 871 1063 925 tantum·
1073 863 1190 926 afferre
1212 863 1293 928 libet
1314 864 1425 929 locum

308 985 349 1026 ex
371 964 644 1044 Νεκυομαντείοις
673 986 700 1027 ο.
725 972 762 1031 21
793 963 851 1027 ubi
878 962 963 1027 hanc
991 986 1026 1027 so
1053 987 1074 1027 a
1100 964 1229 1028 Tiresia
1256 966 1425 1051 accepisse

307 1064 503 1129 sententiam
524 1075 654 1130 narrat:
685 1055 721 1128 ‘ri
749 1067 817 1128 τῶν
845 1063 989 1127 ἰδιωτῶν
1016 1058 1151 1146 ἄριστος
1177 1067 1251 1147 βίος
1274 1064 1332 1129 καὶ
1353 1083 1425 1131 σω-

308 1165 548 1248 φρονέστερος·
572 1156 617 1242 ὥς
637 1169 695 1248 τῆς
716 1158 913 1249 ἀφροσύνης
935 1159 1149 1249 παυσάμενος
1170 1170 1234 1230 τοῦ
1254 1190 1425 1252 μετεωρο-

308 1270 421 1349 λογεῖν
454 1264 510 1331 καὶ
546 1267 623 1351 τέλη
658 1266 713 1332 καὶ
749 1261 850 1350 ἀρχὰς
886 1266 1081 1333 ἐπισκοπεῖν
1118 1266 1173 1333 καὶ
1209 1268 1426 1346 καταπτύσας

307 1368 374 1434 τῶν
402 1371 521 1452 σοφῶν
553 1367 685 1434 τούτων
719 1369 956 1453 συλλογισμῶν
989 1367 1044 1434 καὶ
1076 1364 1117 1436 τα
1149 1371 1289 1436 τοιαῦτα
1318 1373 1426 1456 λῆρον

307 1463 515 1556 ἡγησάμενος
548 1470 647 1536 τοῦτο
677 1468 785 1554 μόνον
817 1470 851 1549 ἐξ
878 1464 1027 1547 ἅπαντος
1058 1471 1212 1559 θηροὶση,
1245 1466 1359 1555 ὅπως.
1385 1469 1425 1539 τδ

307 1567 416 1657 παρὸν
444 1558 483 1638 εὖ
510 1573 665 1656 θέμενος,
695 1572 916 1659 παραδράμῃς
938 1575 1047 1657 μελιᾶν
1068 1567 1110 1638 τὰ
1139 1568 1248 1640 πολλὰ
1269 1572 1325 1639 καὶ
1347 1574 1427 1661 περὶ

306 1670 412 1759 μηδὲν
439 1670 684 1751 ἐσπουδακώς)
739 1677 779 1739 In
804 1676 855 1740 his
887 1687 998 1741 autem
1026 1700 1067 1741 ne
1098 1678 1223 1743 diutius
1259 1679 1425 1762 immorer,

306 1778 537 1864 inscriptiones
560 1779 673 1843 statim
700 1776 859 1843 librorum
887 1779 959 1843 eius
981 1788 1142 1865 quotquot
1170 1789 1319 1845 seruatae
1348 1790 1428 1845 sunt

308 1880 494 1945 recensebo
538 1879 592 1943 Ex
615 1880 771 1945 tredecim
799 1880 900 1965 igitur
927 1902 1010 1967 quos
1040 1882 1172 1967 scripsit
1194 1881 1287 1947 libris
1311 1881 1427 1967 (Diog.

307 1982 346 2046 L.
369 1980 420 2046 VI
449 1983 523 2068 101)
558 1981 592 2045 hi
626 1992 703 2046 sunt
735 2004 816 2068 quos
848 1981 1014 2046 nouimus:
1052 1984 1195 2047 Νεκυΐα.
1239 1985 1426 2066 Διαθῆκαι.

304 2074 527 2163 Ἀρκεσίλαος.
551 2077 761 2165 Συμπόσιον.-
781 2076 969 2147 Ἐπιστολαὶ
990 2078 1260 2167 κεκομψευμέναι
1275 2075 1341 2148 ἀπὸ
1363 2086 1430 2149 τοῦ

308 2183 375 2248 τοῖν
396 2187 490 2248 θεῶν
512 2182 705 2269 προσώπου.
734 2181 827 2269 Πρὸς
854 2178 934 2260 τοὺς
961 2178 1130 2268 φυσικοὺς
1156 2183 1212 2250 καὶ
1238 2191 1428 2270 μαθηματι-

309 2277 390 2361 κοὺς
411 2282 467 2349 καὶ
489 2278 739 2370 γραμματικοὺς
760 2283 815 2351 καὶ
837 2280 941 2370 γονὰς
964 2281 1165 2368 Ἐπικούρου
1188 2288 1344 2372 (fortasse
1370 2287 1430 2352 καὶ

309 2383 407 2466 δόξας
432 2383 648 2473 Ἐπικούρου,
682 2400 719 2455 ut
746 2391 915 2476 impugnet
946 2390 1066 2455 librum
1094 2413 1191 2477 quem
1217 2389 1273 2455 iile
1299 2391 1430 2474 Kopion
1491 2426 1493 2430 Α

309 2490 403 2568 δόξαι
424 2492 637 2579 inscripserat
658 2492 701 2556 cf.
723 2492 823 2577 Diog.
846 2493 885 2556 L.
902 2492 936 2555 X
957 2493 1014 2576 27)
1037 2488 1092 2556 καὶ
1113 2484 1172 2567 τὰς
1193 2492 1431 2575 θρησκευομέ-

308 2616 370 2668 νας
391 2584 450 2656 ὑπ’
475 2585 588 2657 αὐτῶν
611 2587 753 2667 εἰκάδας.
798 2594 954 2659 Fortasse
976 2595 1074 2659 etiam
1096 2591 1284 2677 Διογένους
1305 2592 1431 2674 πρᾶσις

310 2695 422 2779 (Diog.
444 2695 483 2759 L.
500 2696 550 2760 VI
571 2704 611 2765 29
633 2696 690 2761 ubi
713 2696 842 2760 codices
865 2695 1014 2761 nonnulli
1036 2696 1253 2784 Hermippum
1271 2693 1334 2782 'pro
1357 2696 1429 2759 Me-

309 2799 407 2886 nippo
430 2797 642 2885 praebent).¹)
672 2798 871 2883 Fragmenta
886 2807 994 2863 autem
1010 2808 1143 2863 seruata
1163 2807 1239 2864 sunt
1260 2820 1431 2885 perpauca

379 3040 404 3105 l)
421 3040 580 3092 Meinekius
598 3041 627 3090 in
638 3039 774 3092 Vindiciis
788 3039 984 3091 Strabonianis
997 3057 1023 3104 p.
1036 3041 1087 3091 234
1099 3055 1139 3103 sq.
1159 3038 1261 3089 Suidaa
1273 3038 1430 3090 Eudociae-

310 3142 363 3191 que
381 3126 468 3176 uerba
487 3120 664 3183 ‘Miserrime'
683 3116 820 3189 κωμικός·
843 3123 900 3176 τῶν
919 3115 1072 3191 δραμάτων
1090 3114 1180 3176 αὐτοῦ
1199 3116 1256 3175 ἔστι
1273 3118 1430 3186 Κέρκωπες

309 3209 373 3276 (καὶ
386 3201 487 3276 ”Opere
506 3209 582 3275 addit
599 3207 736 3274 Eudocia)
755 3204 805 3258 καὶ
823 3198 911 3260 ci'tia’
931 3210 966 3259 ad
985 3210 1112 3275 cynicum
1128 3213 1252 3260 nostrum
1270 3208 1429 3276 referenda,

309 3298 338 3346 in
362 3296 480 3347 Cornicis
504 3297 596 3345 autem
616 3294 731 3345 Graecis
754 3294 808 3344 uol.
828 3295 852 3344 V
870 3311 895 3359 p.
917 3296 947 3343 12
966 3288 1131 3353 *Μένιππος
1155 3284 1316 3352 tavernier
1335 3308 1429 3343 emen-

310 3381 429 3432 dandum
447 3383 537 3445 putat.
573 3378 693 3429 Causam
715 3393 780 3429 uero
800 3394 854 3443 qua
877 3380 950 3429 haec
973 3379 1114 3429 sententia
1137 3376 1341 3429 commendetur
1365 3393 1429 3427 cum

309 3466 413 3517 nullam
432 3465 550 3529 uideam,
571 3467 666 3531 aperte
685 3464 770 3514 etiam
788 3464 929 3514 refutatur
950 3479 1006 3514 non
1029 3463 1137 3528 quidem
1155 3462 1342 3528 praecedente
1360 3462 1429 3512 lem·

310 3555 384 3602 mate
403 3544 568 3608 (Μένιππος
586 3540 602 3600 ὁ
620 3540 750 3607 κυνικός·
770 3542 847 3600 ἔστιν
865 3543 897 3601 ἔν
914 3546 953 3612 τῷ
971 3542 1071 3606 Φαιός’
1090 3549 1192 3613 quippe
1205 3546 1278 3612 quod
1295 3546 1341 3596 uel
1353 3546 1429 3597 falso

310 3636 479 3706 inculcatum
493 3649 552 3685 esse
565 3634 611 3685 nel
625 3634 660 3683 ad
678 3632 780 3685 Suidae
798 3634 966 3699 imperitiam
984 3634 1037 3684 duo
1049 3634 1174 3684 homines
1188 3649 1221 3683 ex
1234 3647 1288 3682 uno
1301 3630 1429 3681 efficien-

310 3725 366 3771 tem
388 3719 488 3769 referri
511 3720 612 3782 possit,
636 3718 684 3768 sed
706 3719 785 3781 (licet
807 3719 965 3769 Meinekius
988 3720 1032 3767 ‘in
1057 3732 1089 3767 ec
1112 3732 1165 3767 non
1188 3733 1249 3767 esse
1272 3716 1345 3779 quod
1365 3717 1429 3779 quis

310 3806 441 3856 haereat’
461 3802 589 3866 affirmet)
609 3818 643 3853 ea
661 3818 690 3853 re
709 3803 781 3867 quod
793 3795 928 3869 δράματα
939 3803 1016 3853 illius
1030 3818 1115 3868 opera
1127 3805 1330 3866 nuncupantur,
1344 3815 1428 3864 quam

310 3891 435 3957 profecto
455 3888 672 3954 appellationem
690 3889 750 3955 ipse
775 3887 874 3938 Suidas
892 3904 949 3938 non
971 3888 1062 3954 potuit
1079 3887 1190 3953 tingere.
1228 3886 1317 3947 Quam
1336 3889 1430 3934 autem

206 4012 209 4017 ψ
311 3976 382 4027 idern
404 3972 561 4025 Meinekius
583 3977 683 4038 poetae
706 3974 796 4039 ignoti
819 3972 989 4023 comoediam
1012 3970 1081 4030 Δίες
1103 3972 1267 4036 inscriptam
1290 3986 1323 4020 ex
1347 3970 1429 4020 Aelio

310 4060 444 4125 Dionysio
463 4058 536 4125 apud
553 4057 731 4109 Eustathium
750 4056 786 4107 ad
803 4058 883 4107 Hom.
902 4073 929 4123 p.
944 4057 1019 4119 1384,
1037 4058 1070 4107 46
1087 4056 1219 4119 Menippo
1238 4055 1346 4117 tribuit,
1365 4071 1428 4106 eam

310 4161 346 4197 ne
365 4146 470 4199 comico
489 4142 599 4207 quidem
621 4142 751 4207 Menippo
770 4145 801 4191 ut
823 4141 953 4193 donemus
976 4141 1125 4206 quicquam
1143 4138 1253 4201 suadet,
1276 4142 1307 4188 ut
1328 4138 1362 4188 de
1382 4154 1429 4204 cy·

310 4232 373 4282 nico
396 4230 442 4281 uel
464 4228 608 4280 leuissima
630 4228 747 4292 suspitio
770 4226 895 4277 funditus
921 4226 1047 4278 tollenda
1069 4226 1115 4275 sit.
1159 4223 1214 4274 Sed
1237 4224 1429 4287 cuiuscunque

313 4319 383 4374 erat,
407 4314 527 4365 Varroni
549 4317 643 4363 tamen
666 4312 782 4363 Graecis
805 4312 849 4361 illi
869 4311 961 4363 literis
983 4310 1197 4377 profundissime
1224 4307 1342 4371 imbute,
1367 4324 1429 4359 cnm

311 4401 451 4449 trecentos
468 4400 551 4450 Ioues
569 4398 653 4462 (‘siue
675 4397 832 4462 Iuppiteres
855 4395 1011 4445 dicendum’
1029 4399 1061 4445 ut
1083 4392 1273 4445 Tertullianus
1295 4391 1429 4442 irridendi

312 4498 399 4533 causa
423 4481 500 4532 addit
523 4482 559 4533 ad
577 4484 704 4533 nationes
727 4482 799 4532 110.
824 4480 936 4545 apolog.
956 4480 1003 4546 14)
1028 4481 1088 4530 sine
1112 4478 1252 4544 capitibus
1274 4476 1428 4540 induceret,

312 4569 384 4619 hanc
395 4565 473 4619 Atoiv
492 4567 662 4618 comoediam
681 4568 715 4618 ob
733 4569 853 4616 mentem
871 4566 967 4629 fuisse,
986 4569 1018 4614 nt
1035 4563 1205 4630 argumentis
1223 4561 1368 4625 destituta,
1387 4562 1429 4611 ita

312 4667 361 4721 per
379 4667 408 4703 se
427 4655 455 4703 ct
472 4652 681 4720 speciosissima
699 4655 727 4703 et
744 4647 827 4711 ualde
844 4648 1000 4716 probabilis
1017 4648 1072 4699 uiri
1089 4647 1244 4699 doctissimi
1262 4646 1356 4712 opinio
1376 4649 1429 4698 est.
