3559 5709
451 688 514 757 258
829 691 863 748 u.
880 690 1020 749 TEREN'II
1038 687 1198 747 VARRONIS

454 859 507 924 Of.
530 858 663 924 Seruius
685 857 721 920 in
743 858 825 922 Aen.
848 854 918 920 VII
941 863 1000 926 601
1030 854 1153 920 ‘Varro
1175 853 1249 920 uult
1277 877 1408 921 morem
1436 877 1577 921 commu-

453 984 528 1026 nem
551 982 746 1025 consensum
769 957 914 1024 omnium
941 957 1039 1022 simul
1060 957 1295 1041 habitantium,
1327 958 1388 1045 qui
1416 959 1579 1024 inuetera-

454 1073 506 1128 tus
531 1062 797 1129 consuetudinem
820 1059 926 1125 facit?

843 1248 901 1313 De
929 1246 1186 1334 philosophia

540 1352 592 1418 cf.
616 1351 824 1437 Augustinus
847 1348 888 1414 de
911 1350 974 1414 ciu.
998 1347 1052 1415 dei
1067 1349 1154 1415 XIX
1171 1358 1252 1421 1-3
1276 1351 1332 1437 qui
1355 1348 1464 1433 locus,
1489 1373 1577 1438 prae·

456 1456 570 1521 sertim
592 1476 666 1519 cum
688 1475 754 1519 non
776 1453 819 1517 sit
840 1452 1076 1534 certissimum,
1099 1451 1218 1519 librum
1241 1474 1312 1517 esse
1334 1452 1576 1538 logistoricum,

456 1557 584 1644 longior
611 1566 663 1621 est
691 1576 789 1643 quam
810 1554 865 1641 qui
893 1553 947 1618 hic
974 1553 1190 1620 exscribatur.
1240 1554 1401 1646 Continet
1430 1556 1577 1642 disputa·

456 1660 578 1725 tionem
601 1657 642 1723 de
665 1679 792 1723 summo
815 1656 919 1739 bono,
942 1654 1031 1743 quod
1050 1656 1152 1722 uariis
1175 1657 1281 1723 modis
1304 1657 1354 1723 ita
1375 1658 1447 1744 peti
1463 1659 1577 1745 possit,

457 1770 493 1825 ut
515 1758 796 1825 COLXXXVIII
822 1759 900 1825 inde
923 1768 1031 1823 sectae
1060 1759 1218 1824 oriantur.
1268 1759 1362 1841 Quas
1393 1759 1518 1825 deinde
1539 1760 1578 1824 ad

457 1862 528 1929 XII
550 1860 679 1928 reducit
700 1860 906 1948 principales.
952 1860 1120 1925 Virtutem
1142 1870 1250 1926 autem
1272 1862 1486 1928 coniunctam
1508 1885 1577 1928 cum

457 1963 662 2051 primigeniis
687 1970 824 2028 naturae
847 1983 1009 2027 summum
1031 1984 1102 2027 csse
1124 1962 1256 2044 bonum,
1278 1963 1366 2029 hanc
1389 1986 1489 2029 suam
1511 1987 1578 2031 csse

457 2066 631 2153 profitetur
653 2073 792 2148 sectam3
808 2062 905 2151 quod
925 2065 1048 2130 bonum
1071 2065 1127 2152 qui
1147 2064 1283 2148 habeat,
1307 2088 1384 2130 eum
1407 2087 1485 2132 esse
1507 2067 1601 2132 bes·

458 2178 528 2233 tum
551 2188 688 2253 eumque
710 2165 859 2245 homines
879 2166 1024 2253 deosque
1039 2165 1188 2252 diligere.
1211 2167 1384 2233 —Locus
1406 2168 1536 2255 legitur
1549 2170 1580 2231 in

457 2270 509 2335 ed.
532 2269 673 2334 Varrou.
696 2268 827 2353 Bipont.
852 2291 884 2354 p.
903 2275 1079 2340 328—336.
1114 2266 1166 2334 Of.
1182 2268 1330 2356 prolegg.
1347 2293 1383 2357 p.
1400 2278 1444 2343 38
1467 2281 1537 2337 not.
1554 2280 1579 2341 3.

882 2437 1154 2523 [TANAQVIL]

871 2539 929 2603 De
960 2541 1164 2626 pudicitia

545 2743 619 2807 Non
640 2743 737 2807 modo
766 2743 885 2809 absens
915 2642 1087 2830 quicqiuam
1116 2746 1157 2811 de
1186 2755 1218 2811 te
1246 2748 1381 2833 sequius
1411 2750 1581 2835 cogitabit,

461 2846 518 2911 sed
542 2847 642 2911 etiam
663 2844 882 2909 ruminabitur
904 2843 1148 2913 humanitatem.

837 3029 839 3040 ,
992 2965 1039 3031 ·ΙΙ

546 3066 680 3131 Seruius
703 3067 737 3129 in
760 3064 860 3151 Verg.
884 3067 966 3131 Aen.
990 3066 1040 3131 IV
1062 3080 1103 3139 45
1132 3070 1252 3136 ‘Varro
1274 3072 1315 3136 de
1336 3073 1509 3159 pudicitia
1530 3077 1582 3155 ait,

461 3170 611 3255 auspices
634 3170 669 3232 in
690 3168 814 3254 nuptiis
831 3167 1014 3254 appellatos
1037 3172 1080 3236 ab
1096 3174 1269 3259 auspiciis,
1292 3197 1381 3261 quae
1404 3178 1451 3244 ab
1469 3178 1582 3243 marito
1617 3199 1619 3202 ·

462 3281 495 3335 et
516 3292 604 3335 noua
625 3278 728 3355 nupta
749 3292 808 3355 per
829 3270 889 3334 hos
913 3272 1065 3358 auspices
1087 3275 1306 3362 captabantur
1326 3276 1365 3341 in
1388 3281 1545 3367 nuptiis!

889 3473 947 3540 De
976 3477 1150 3543 saeculis

547 3575 682 3642 Seruius
712 3576 747 3639 in
778 3575 872 3662 Verg.
902 3578 985 3644 Aen.
1007 3578 1096 3645 VIII
1118 3588 1180 3651 526
1213 3581 1338 3648 ‘Varro
1370 3583 1413 3648 de
1446 3552 1610 3653 saeculis.

463 3677 613 3742 auditum
629 3699 745 3742 sonum
759 3678 860 3744 tubae
875 3677 917 3745 de
931 3680 1022 3747 caelo
1038 3680 1141 3747 dicit?
1165 3682 1216 3750 Of.
1233 3684 1435 3751 Plutarchus
1453 3687 1548 3753 Sulla
1558 3700 1585 3758 7.

463 3777 582 3842 Suidas
607 3802 632 3842 s.
654 3800 687 3842 u.
711 3773 857 3855 Σύλλας.
903 3781 1101 3849 Censorinus
1125 3796 1175 3857 17.

760 3898 820 3963 Ex
840 3902 1000 3967 incerto
1027 3903 1276 3989 logistorico

548 3998 682 4064 Seruius
705 4000 739 4064 in
761 3999 862 4087 Verg.
886 4003 970 4068 Aen.
993 4003 1025 4068 V
1041 4013 1081 4077 80
1110 4006 1226 4073 ‘Salus
1248 4017 1282 4073 et
1302 4007 1378 4073 nale
1399 4010 1587 4077 secundum

462 4101 645 4191 Varronem
672 4101 707 4167 in
733 4101 931 4187 logistoricis
966 4128 1152 4195 synonyma
1179 4115 1285 4173 sunt’
1336 4108 1436 4176 Idem
1466 4114 1522 4180 XI
1548 4124 1587 4185 97

463 4203 586 4267 ‘Varro
615 4204 650 4268 in
677 4202 770 4271 libris
798 4203 1000 4290 logistoricis
1029 4207 1125 4292 dicit,
1153 4208 1231 4286 ,ideo
1259 4211 1398 4277 mortuis
1432 4214 1531 4281 salue
1557 4223 1589 4281 et

534 4372 742 4445 [TANAQVIL]
780 4377 1064 4447 cf.pr010gg.p.sa
1080 4386 1139 4435 not.
1156 4385 1181 4437 2.
1217 4383 1353 4435 INonins
1371 4385 1424 4436 loo
1444 4402 1470 4443 s.
1490 4404 1517 4440 u.
1535 4387 1588 4440 nu·

463 4444 574 4494 mirrari.
594 4448 764 4511 cogitauit
781 4447 820 4513 N,
840 4463 910 4503 corr.
928 4450 1072 4501 Turnebus
1101 4451 1288 4502 ruminabit
1309 4456 1400 4504 tuam
1420 4455 1588 4508 Klnssman·

463 4526 514 4561 nus
533 4527 596 4564 ann.
614 4512 710 4578 philol.
729 4514 794 4566 XIV
813 4516 878 4567 1848
901 4533 928 4583 p.
946 4519 1007 4569 4‘19.
1042 4518 1129 4570 Iamb.
1148 4523 1232 4586 septt.
1250 4519 1392 4572 Vahleuus
1410 4538 1440 4590 p.
1460 4526 1496 4577 '13
1513 4526 1589 4577 insti·

463 4580 530 4641 tuit3
563 4581 687 4632 Kochius
711 4599 773 4633 axx.
791 4584 864 4634 critt.
888 4601 915 4650 p.
938 4587 970 4636 31
1000 4586 1087 4637 troch.
1111 4593 1183 4653 sept.
1209 4589 1364 4655 inceperat.
1391 4616 1428 4627 -
1458 4592 1588 4645 Saturam

465 4645 600 4699 Oehlerus
619 4654 647 4700 et
664 4650 835 4703 Ritschelius
853 4652 887 4703 dc
905 4652 1010 4718 logistt.
1029 4671 1055 4721 p.
1075 4654 1140 4709 XIV
1158 4656 1291 4708 dixerunt.
1311 4684 1343 4695 -
