3559 5709
724 649 727 653 ¹
742 700 774 757 ll.
791 699 931 757 TERENl'l
946 698 1109 757 VARRONIS

864 860 916 927 IV
940 860 988 947 (4)

449 964 493 1029 Et
507 963 728 1049 Hymenaeus,
744 964 800 1049 qui
811 963 918 1049 primo
931 960 1044 1028 lauere
1058 961 1169 1029 aluum
1184 965 1377 1051 marsuppio
1394 964 1489 1030 solet.

437 1166 643 1281 ’Ὺπὲρβατον
665 1204 706 1247 ne
728 1183 838 1247 dares:
863 1082 1097 1270 diffinimus
1120 1182 1209 1270 quod
1230 1152 1348 1248 datum
1369 1193 1435 1249 est.

866 1300 918 1366 VI

446 1404 522 1468 Non
535 1402 632 1468 modo
645 1402 759 1467 uinum
774 1403 853 1467 dare
868 1402 928 1467 sed
941 1305 1060 1484 (delam,
1076 1412 1113 1469 ut
1128 1400 1265 1470 Plautus
1280 1402 1341 1486 ait,
1364 1404 1488 1467 ‘muir-

363 1507 507 1588 rinam,
529 1506 711 1592 passum,
734 1504 964 1570 defrutum’.

688 1672 918 1740 ARMORVM
939 1671 1158 1739 IVDICIVM
1237 1672 1244 1694 ¹

329 1892 348 1951 5
448 1875 520 1941 Illio
541 1874 630 1942 uiros
653 1874 792 1957 hortdri,
815 1884 854 1940 ut
875 1773 1025 1940 ligitur
1046 1872 1206 1962 praeclari
1227 1874 1427 1963 philosophi.

364 2031 568 2096 ‘Seplasium
586 2031 695 2095 generis
714 2030 812 2080 neutri.
848 2030 937 2079 Varro
956 2021 1185 2094 Ἀνθρωποπόλει
1205 2027 1272 2094 περὶ
1294 2031 1490 2098 nerodiensis

364 2102 406 2160 (—
425 2100 591 2161 πολπισρι
613 2099 854 2156 τενεθλιακπς
877 2100 912 2147 L.
937 2125 969 2133 -
991 2114 1077 2149 nous
1100 2098 1337 2163 τενεθλιακης
1361 2099 1410 2161 W)
1430 2105 1489 2152 ...’

363 2167 471 2217 PlInius
489 2168 522 2215 N.
541 2167 576 2215 H.
595 2166 633 2214 VI
651 2168 684 2216 80
713 2167 817 2214 ‘Extra
842 2166 941 2215 ostium
964 2165 1027 2215 Indi
1052 2166 1158 2230 Chryse
1183 2169 1211 2216 et
1232 2165 1354 2232 Argyre,
1378 2166 1489 2217 fertiles

365 2233 485 2285 metallis
504 2237 535 2282 ut
553 2233 644 2283 oredo.
680 2234 749 2281 Nam
769 2233 839 2296 quod
859 2233 947 2297 ahqui
964 2234 1118 2290 tradidere,
1138 2248 1251 2283 aureum
1270 2238 1489 2301 argenteumque

365 2303 405 2353 eis
424 2301 511 2351 solum
531 2316 602 2364 esse,
621 2300 688 2350 haut
707 2300 793 2349 faoile
813 2301 999 2351 crediderim)
1058 2301 1095 2351 IV
1112 2301 1219 2351 Nonius
1237 2303 1297 2366 503,
1316 2304 1351 2352 23
1369 2303 1490 2353 ‘Latuit

364 2386 413 2435 pro
441 2368 519 2419 lauat
547 2368 686 2434 Vergilius
709 2395 742 2403 -
764 2394 798 2403 -
824 2369 912 2418 Varro
940 2360 1170 2432 'Avdpoonortolsu
1199 2365 1265 2432 περὶ
1295 2368 1490 2436 γενεθλιακῆς

363 2434 528 2503 (nullorum
545 2434 717 2501 Β]ποποαι
739 2450 818 2500 περι
840 2436 953 2486 BHLW
979 2451 1210 2502 τενεοαιακης
1233 2437 1293 2486 BW
1322 2451 1488 2490 τενεοια-

1144 2507 1152 2533 ,
1315 2505 1322 2517 .

363 2505 633 2636 sitirent·
652 2504 1166 2635 {litteliuthtstttm,
1197 2504 1488 2635 .l..lif¹¹tt.⁴.ltt¹t

364 2641 451 2689 Varro
467 2630 694 2701 Ἀνθρωποπόλει
713 2638 980 2703 (anoputiorrout
992 2640 1055 2689 HW
1074 2640 1328 2704 anoputiorrols
1344 2640 1405 2703 BL)
1425 2638 1489 2705 περὶ

364 2702 554 2771 praedicentis
579 2707 655 2767 (πεκ
673 2706 762 2757 HLW
784 2721 858 2757 ιτεκ
880 2708 912 2757 Β.
931 2706 1197 2772 λενεελιλκηςΒ
1225 2720 1448 2776 austerorum
1464 2709 1490 2759 H

364 2791 398 2826 m.
417 2790 459 2838 pr.
478 2775 709 2839 αενεελιακης
727 2774 754 2822 Η
778 2790 811 2824 m.
832 2789 887 2825 seo.
906 2775 1134 2840 λενεελιακης
1157 2775 1180 2824 L
1205 2789 1427 2845 uersatum
1443 2777 1488 2839 W)

364 2858 425 2891 nam
448 2843 477 2891 in
500 2842 635 2892 omnibus’
659 2857 716 2906 sqq.
736 2857 762 2891 u.
782 2842 877 2892 adnot.
896 2843 957 2892 erit.
1027 2842 1066 2892 VI
1089 2842 1193 2893 Nonius
1217 2844 1281 2904 551,
1300 2843 1317 2891 d
1343 2844 1487 2894 ‘Murrnna

364 2911 439 2975 potio
458 2910 596 2961 conlecta.
632 2911 719 2959 Varro
735 2902 960 2975 Ἀνθρωποπόλει
980 2908 1103 2972 (ᾼηττο
1122 2904 1242 2975 p'opuli
1258 2910 1358 2974 BLW;
1381 2927 1413 2966 π.
1431 2927 1488 2979 pru.

363 2978 472 3041 desunt)
486 3016 492 3027 .
507 3018 513 3031 .
527 2981 546 3028 .’
577 2976 619 3027 cf.
638 2978 754 3028 Plautus
772 2977 871 3031 Pseud.
890 2977 962 3040 114,
981 2979 1028 3028 51:
1053 2975 1230 3040 murrinam,
1253 2974 1377 3043 passum,
1396 2978 1488 3029 defru-

364 3051 429 3104 tum,
448 3044 588 3107 melmun,
608 3045 661 3095 mel
680 3044 906 3110 quoiquoimodi’.

431 3128 613 3179 ARMORVM
634 3129 814 3181 IVDICIVM.
860 3129 945 3179 Liber
971 3130 1045 3179 inter
1071 3129 1339 3195 pseudotragoediaa
1367 3130 1487 3182 fortasse

364 3198 525 3246 referendus
544 3197 579 3246 of.
593 3196 717 3262 prolegg.
731 3213 755 3261 p.
769 3200 810 3248 32.
831 3197 1004 3261 Tragoedias
1018 3198 1157 3248 Pacuuius
1174 3198 1321 3263 Attiusque
1340 3202 1370 3248 et
1387 3205 1488 3263 postea

364 3265 530 3330 Pomponius
555 3263 695 3313 Secundus
719 3262 767 3324 (cf.
787 3268 880 3313 tamen
899 3266 933 3317 L.
951 3263 1101 3315 Muellerus
1126 3282 1152 3330 p.
1172 3265 1215 3328 93)
1240 3281 1273 3315 eo
1292 3267 1404 3316 nomine
1422 3268 1488 3317 seri·

363 3348 452 3397 puero,
473 3346 540 3395 quos
553 3331 706 3395 Aesehylus
716 3324 831 3382 ‘'Onlmv
848 3331 940 3395 κρίσει
958 3333 1069 3397 praeiit.
1095 3334 1182 3382 Varro
1195 3332 1374 3399 philosophos
1390 3336 1488 3385 neseio

365 3402 443 3450 ouius
462 3400 579 3466 praemii
597 3415 683 3450 eausa
703 3404 845 3450 certantes
864 3400 979 3451 induxit.
1031 3401 1046 3450 I
1063 3401 1168 3452 Nonius
1183 3402 1242 3460 477,
1255 3402 1287 3451 21
1306 3400 1424 3463 &nixas
1440 3418 1489 3469 pro

295 3596 296 3600 ’
364 3595 498 3649 luerunt·
527 3592 689 3647 octonarios
709 3608 774 3662 eum
795 3589 826 3645 L.
850 3590 990 3646 Muellero
1012 3606 1047 3660 p.
1067 3592 1115 3645 431
1144 3591 1230 3661 posui
1253 3583 1267 3669 ΙΙ
1330 3593 1344 3642 l
1368 3598 1398 3647 et
1424 3593 1492 3649 libri

364 3675 420 3729 nisi
433 3674 510 3745 qnod
528 3674 562 3728 Η
573 3693 609 3731 m.
621 3694 670 3748 pr.
686 3682 714 3731 et
728 3676 751 3730 L
766 3692 802 3732 m.
817 3693 864 3748 pr.
881 3683 924 3731 eet
943 3667 958 3755 ΙΙ
978 3676 1119 3731 himeneus
1134 3674 1196 3731 BH
1202 3676 1240 3731 W
1258 3676 1408 3749 hymeneus
1429 3678 1455 3733 L
1475 3670 1486 3753 ll

365 3759 502 3831 marsupio
520 3758 571 3813 BL
586 3778 623 3814 m.
639 3778 684 3829 pr.
709 3761 747 3816 W
758 3778 794 3817 m.
808 3778 857 3832 pr.
879 3752 893 3840 Η
917 3761 1127 3815 Tetrametrum
1143 3762 1212 3816 dicit
1226 3760 1258 3817 L.
1275 3759 1438 3817 Muellerus
1457 3778 1487 3833 p.

363 3846 415 3897 423
441 3842 617 3899 trochaicum
638 3835 652 3924 ΙΙ
709 3851 725 3899 2
753 3863 814 3902 nam
839 3848 868 3901 in
894 3843 1020 3900 omnibus
1046 3844 1102 3918 legi
1128 3861 1199 3900 nous
1226 3839 1304 3917 (πολι
1329 3836 1368 3917 Β)
1395 3862 1490 3902 neruo

366 3924 473 4005 (ιτεκλο
488 3928 525 4005 Β)
542 3930 615 3985 libri.
652 3928 709 3985 His
730 3932 827 3986 uerbis
846 3936 961 4001 partem
983 3931 1178 3999 inscriptionis
1203 3931 1275 3985 miro
1300 3944 1372 3985 cusu
1396 3932 1493 4003 repeti

363 4015 487 4071 Rothius
501 4016 580 4081 uidit,
592 4017 645 4071 sed
657 4018 852 4086 insequentem
867 4030 966 4070 uocem
981 4001 1151 4088 ὑπέρβατον
1165 4018 1205 4072 ad
1218 4015 1338 4070 eundem
1353 4029 1417 4070 rem
1433 4033 1491 4073 non

364 4101 459 4155 debuit
481 4100 597 4156 trahere
631 4096 808 4174 υπερβλιτον
831 4102 859 4156 Β
887 4094 1054 4174 υπερβατον
1076 4099 1110 4153 Η
1129 4117 1166 4154 m.
1188 4115 1245 4155 see.
1275 4098 1355 4154 Lm.
1373 4117 1426 4172 pr.
1457 4101 1494 4156 W

364 4180 564 4259 eorreptionem
580 4185 614 4239 Η
625 4203 662 4241 m.
675 4202 724 4255 pr.
741 4186 764 4240 L
780 4203 815 4241 m.
831 4202 871 4241 se.
889 4183 997 4259 legibus
1018 4169 1092 4238 nud’
1115 4171 1284 4260 ὑπέρβατον
1298 4182 1457 4243 Mereerus
1475 4178 1488 4262 Η

364 4269 519 4342 polluceres
543 4270 707 4326 Polmerr'us
732 4262 746 4348 ΙΙ
772 4271 846 4343 quod
872 4269 976 4325 Iunius
994 4270 1059 4343 quid
1080 4270 1147 4325 libri
1165 4261 1181 4349 [ἱ
1202 4270 1267 4343 quid
1288 4268 1415 4325 (laturum
1438 4285 1491 4327 ms.

365 4354 457 4408 Fabri
473 4346 489 4433 ΙΙ
539 4358 554 4409 3
577 4371 749 4410 murmurent
765 4356 862 4411 BLW
876 4356 1043 4410 murrhiuam
1058 4354 1169 4426 Popmo
1192 4356 1340 4410 muruham
1355 4354 1491 4419 Plautus,

365 4437 563 4495 Buechelerus
580 4457 613 4511 p.
629 4445 679 4494 448
699 4431 713 4519 [Ι
770 4446 787 4493 4
809 4441 938 4497 detritum
953 4439 1023 4494 LW
1041 4438 1194 4495 defructum
1210 4440 1252 4504 B,
1274 4438 1378 4495 Plauti
1395 4443 1492 4498 codex

373 4522 473 4593 Velut,
497 4523 632 4583 defrutum
654 4525 760 4595 reliqui
778 4516 792 4604 ll
849 4530 864 4579 5
888 4527 949 4579 uiro
966 4526 1049 4580 ortari
1065 4523 1093 4578 B
1107 4516 1121 4603 ΙῙ
1136 4524 1238 4598 peelari
1256 4526 1281 4579 Β
1303 4524 1454 4597 predariL
1477 4517 1491 4605 Η

364 4605 464 4663 filosofi
487 4607 511 4662 L
532 4610 689 4683 philosophi
705 4608 769 4664 BH
773 4611 811 4666 W
827 4600 842 4689 ll
864 4608 1036 4666 Oetonurius
1050 4610 1188 4665 iambicus
1203 4624 1265 4665 esse
1280 4610 1397 4665 uidetur
1416 4602 1433 4689 Η
