3559 5709
422 700 466 765 20
895 704 1024 762 CAPVT
1054 705 1064 760 1

422 867 519 954 l.c.p.
528 876 589 937 419
603 867 708 931 secuti
723 874 809 931 sunt.
825 866 897 932 Iam
909 866 995 930 enim
1005 866 1149 929 uidimus
1160 866 1329 951 magisque
1339 865 1438 929 etiam
1450 866 1543 929 uide·

421 969 541 1051 bimus,
563 969 597 1033 in
620 991 658 1033 eo
680 969 767 1054 quod
788 990 887 1054 prosa
900 968 1117 1054 uersibusque
1132 968 1256 1032 mixtae
1271 968 1337 1031 sint
1357 988 1422 1030 non
1438 976 1544 1031 totam

421 1070 669 1156 Menippearum
691 1069 923 1156 proprietatem
953 1079 1119 1152 constare3
1144 1068 1299 1134 accedere
1325 1091 1422 1151 uero,
1451 1067 1542 1154 quod

422 1172 556 1257 grauius
580 1172 678 1237 etiam
700 1181 766 1254 est,
797 1183 834 1237 ut
860 1171 976 1259 cynica
1004 1169 1146 1257 quadam
1172 1170 1393 1255 insignientur
1416 1168 1541 1250 indole,

422 1283 458 1337 ut
487 1268 753 1355 ouovdops'iocov
780 1296 881 1358 genus
911 1283 1157 1355 consectentur,
1191 1282 1228 1337 ut
1258 1271 1397 1337 ridendo
1424 1294 1542 1335 nerum

422 1376 529 1440 dicere
552 1385 585 1440 et
608 1374 725 1440 docere
748 1373 939 1441 delectando
961 1375 1158 1461 suscipiant,
1186 1374 1277 1438 cuius
1306 1376 1435 1458 generis
1465 1382 1542 1437 cnm

421 1477 468 1541 nil
491 1477 621 1543 omnino
646 1476 733 1563 apud
756 1476 913 1541 Senecam
940 1499 1031 1541 mera
1056 1474 1150 1540 illum
1177 1476 1321 1540 ludibria
1349 1474 1542 1539 fundentem

422 1578 701 1665 deprehendatur,
725 1600 745 1642 a
765 1578 940 1666 Menippeo
964 1578 1156 1664 cognomine
1186 1578 1220 1641 in
1243 1599 1316 1642 eum
1339 1576 1541 1641 conferendo

424 1680 657 1745 abstinendum
680 1679 751 1744 erit.
790 1680 960 1746 Hactenus
989 1680 1087 1758 haeo;
1119 1703 1196 1744 nam
1218 1679 1335 1765 quibus
1358 1677 1542 1743 rationibus

421 1780 550 1866 singula
570 1782 757 1866 fragmenta
778 1782 926 1868 prosario
948 1780 1001 1846 uel
1022 1782 1151 1868 poetico
1174 1781 1316 1845 sermoni
1332 1779 1543 1864 adsignanda

422 1881 504 1965 sint,
534 1883 677 1948 secundo
700 1883 830 1948 demum
857 1885 964 1971 capite
992 1906 1054 1971 quo
1084 1884 1125 1947 de
1154 1906 1189 1948 re
1217 1882 1351 1947 metrica
1377 1882 1541 1947 Varronis

426 1983 587 2049 disseram
608 1984 875 2070 inuestigandum
898 1986 971 2051 erit.

485 2086 593 2152 Varro
619 2086 721 2172 igitur
749 2109 844 2173 quem
871 2088 1063 2175 Menippeas
1093 2097 1221 2154 saturas
1250 2110 1325 2152 suas
1355 2085 1543 2172 appellasse

422 2186 550 2252 Gellius
573 2187 595 2253 l.
612 2212 640 2259 o,
655 2202 723 2275 p.7
746 2198 897 2272 testatur,
920 2202 1059 2276 quocum
1082 2190 1203 2275 optime
1225 2189 1297 2275 ipse
1319 2188 1485 2267 consentit
1505 2189 1543 2251 in

422 2289 627 2355 Testamenti
655 2299 786 2356 saturae
814 2290 999 2375 fragmento
1021 2290 1075 2355 ΙΙΙ
1102 2290 1183 2355 haec
1204 2291 1390 2378 proferens:
1421 2296 1452 2353 ‘e
1472 2311 1543 2353 meu

422 2396 635 2474 φιλοφθονια
658 2391 714 2479 (i)
742 2399 840 2471 catis,
867 2414 942 2473 quos
963 2398 1128 2474 Menippea
1149 2399 1285 2484 haeresis
1305 2397 1463 2457 nordeum
1484 2405 1542 2470 est,

420 2504 535 2559 tutores
557 2502 596 2560 dc
1213 2573 1215 2578 .

535 2600 594 2671 Qui
614 2617 677 2660 rem
700 2594 870 2661 Romanum
893 2601 1074 2676 Latiumque
1094 2604 1254 2676 cupiscere
1275 2589 1384 2662 oditis'
1448 2653 1451 2684 ,

421 2718 504 2783 quae
538 2698 579 2762 de
600 2699 728 2762 'saturis
763 2697 912 2784 profecto
940 2696 1157 2783 intelligenda
1187 2708 1279 2782 sunt,
1306 2736 1349 2747 —-
1397 2697 1542 2775 uomodo

421 2797 476 2863 ille
498 2798 645 2887 Menippi
668 2822 803 2887 operum
825 2800 965 2889 formam
987 2800 1134 2865 imitatus
1158 2802 1201 2865 sit
1222 2823 1297 2865 cum
1317 2799 1542 2881 monstrarim,

422 2900 488 2965 iam
515 2924 554 2966 ea
581 2923 663 2988 quae
689 2900 809 2966 libellis
837 2898 1095 2969 'continebantur
1122 2902 1292 2967 uideamus
1321 2925 1386 2989 qua
1411 2901 1542 2965 ratione

422 3026 495 3067 oum
517 3002 572 3070 illo
595 3004 648 3067 uel
664 3005 880 3089 conspirarint
895 3003 949 3069 uel
972 3004 1013 3069 ab
1036 3003 1092 3069 illo
1109 3003 1439 3119 discreparinthua
1453 3004 1490 3065 in
1504 3025 1542 3066 re

422 3126 488 3168 non
504 3106 613 3169 omnia
629 3106 812 3172 certissima
833 3105 975 3191 proferri
997 3128 1093 3191 posse
1115 3128 1189 3170 cum
1212 3129 1254 3169 ex
1276 3104 1387 3170 scissis
1411 3114 1542 3169 tantum

421 3205 690 3293 breuissimisque
718 3205 907 3293 plerumque
931 3217 1117 3272 saturarum
1143 3205 1293 3272 frustulis
1317 3206 1542 3293 conquirenda

421 3308 503 3389 sint,
524 3330 618 3372 nemo
640 3317 719 3394 puto
743 3308 926 3373 mirabitur,
971 3309 1117 3373 Primum
1138 3310 1240 3395 igitur
1267 3331 1379 3373 ueram
1400 3317 1542 3394 uterque

421 3409 615 3496 sapientiam
637 3409 852 3493 commendat,
876 3432 974 3497 quam
996 3411 1083 3498 quod
1105 3410 1161 3476 ille
1182 3411 1217 3486 in
1239 3434 1277 3477 eo
1287 3403 1405 3498 ..posuit
1419 3409 1450 3474 si
1465 3410 1540 3496 quis

421 3503 472 3574 ‘td
493 3503 603 3592 παρὸν
626 3497 664 3575 εὖ
687 3514 828 3595 τίθησι’,
851 3511 906 3577 hic
929 3535 946 3576 e
968 3512 1174 3599 philosophia
1197 3512 1335 3579 colenda
1352 3520 1448 3599 putat
1470 3509 1541 3575 adi-

422 3613 612 3698 piscendam
647 3614 705 3699 (cf.
735 3610 810 3696 περὶ
841 3611 1033 3697 ἐδεσμάτων
1060 3614 1110 3680 II:
1151 3622 1210 3692 (εἰ,
1246 3626 1391 3695 quantum
1425 3634 1542 3693 operae

420 3721 573 3793 sumpsisti
594 3726 627 3779 ut
647 3728 715 3780 tous
731 3722 953 3797 pistoriensem
971 3720 1094 3794 faceret
1110 3739 1234 3797 pacem,
1252 3725 1316 3781 eius
1330 3722 1541 3781 duodecimam

416 3820 629 3896 philosophiae
655 3824 801 3896 dedisses,
831 3825 896 3899 ipse
924 3824 1018 3883 honus
1049 3825 1109 3882 iam
1131 3825 1254 3899 pridem
1284 3840 1361 3883 esses
1383 3816 1539 3901 faetus'),

420 3918 550 3982 nomine
579 3918 649 3983 fere
682 3941 746 3983 non
771 3942 811 3983 re
838 3942 893 3985 eos
927 3919 1100 3985 dissentire
1127 3931 1218 4007 puto.
1268 3918 1424 3985 Nondum
1452 3920 1540 3984 enim

421 4041 496 4084 cum
518 4025 636 4085 ‘aerea
657 4030 726 4086 sca'
750 4022 910 4087 scriberet
929 4060 972 4068 —
994 4020 1041 4085 sio
1062 4022 1147 4086 enim
1178 4022 1285 4108 ipsum
1307 4030 1436 4085 saturas
1460 4044 1540 4085 suas

421 4121 642 4208 appellantem
659 4121 772 4187 Cicero
795 4123 924 4187 inducit
946 4124 981 4186 in
996 4124 1101 4188 Acad·
1125 4126 1142 4189 I
1164 4132 1195 4205 2,
1220 4133 1238 4193 8
1254 4161 1295 4171 —-
1311 4133 1435 4187 certam
1450 4124 1541 4187 omni

421 4234 571 4310 exparte
593 4223 820 4311 philosophiae
842 4224 1025 4290 doctrinam
1046 4225 1216 4311 amplexus
1232 4226 1336 4290 fuisse
1350 4223 1539 4310 uidetur;¹)

491 4480 516 4547 1)
536 4484 597 4545 Qua
608 4484 637 4532 in
650 4500 678 4534 re
693 4500 709 4533 a
721 4484 860 4533 Krahneri
878 4483 1013 4534 dissentio
1025 4473 1174 4547 sententia,
1188 4499 1271 4548 quam
1282 4486 1312 4534 in
1325 4483 1422 4534 subtili
1439 4483 1540 4535 libello

420 4567 474 4616 ‘De
492 4567 623 4618 Varronis
641 4568 839 4633 philosophia!
863 4569 1074 4621 Necbrandenh.
1094 4571 1168 4619 1846.
1188 4570 1324 4633 exposuit.
1349 4568 1445 4632 Neque
1464 4568 1541 4618 enim

420 4652 544 4702 rationes
568 4666 638 4715 quas
662 4653 710 4703 ille
734 4654 805 4703 inter
822 4653 956 4705 Varronis
974 4657 1002 4703 et
1026 4652 1170 4704 Cleanthis
1193 4654 1277 4703 stoici
1300 4653 1431 4703 librorum
1456 4669 1539 4718 prae·
