3559 5709
818 715 947 772 CAPVT
971 717 991 772 ΙΙ
1420 714 1461 778 79

338 877 459 965 reliqui
485 899 552 941 non
579 876 660 941 satis
688 887 861 956 curarunt,
895 889 933 943 ut
960 900 1025 941 non
1053 889 1173 945 temere
1201 881 1388 966 nullamque
1405 883 1459 948 ob

338 1001 475 1045 causam
496 980 532 1042 in
555 976 691 1042 alterum
714 1000 788 1042 eum
811 972 994 1044 sermonem
1015 980 1050 1042 in
1065 980 1182 1045 mediis
1199 983 1371 1047 sententiis
1393 1006 1459 1048 cre·

338 1081 458 1146 damus
481 1078 698 1161 transiluisse,
721 1078 780 1143 sed
803 1101 997 1165 quocunque
1019 1081 1116 1147 modo
1139 1105 1208 1146 rem
1229 1084 1335 1169 ipsam
1354 1085 1459 1169 magis

337 1182 507 1269 poeticum
540 1172 683 1246 colorem
712 1180 850 1265 adipisci
879 1204 1015 1246 necesse
1037 1206 1126 1265 esse,
1153 1193 1190 1248 ut
1217 1183 1298 1249 haec
1321 1186 1459 1251 mutatio

337 1281 449 1347 locum
469 1282 591 1349 habere
613 1282 727 1367 possit.

424 1384 626 1449 Breuissime
648 1383 789 1470 denique
812 1385 1037 1470 quaestionem
1065 1385 1226 1451 denariis
1249 1387 1363 1452 metris
1387 1410 1459 1454 sese

338 1486 580 1571 excipientibus
604 1484 785 1550 absoluam.
826 1486 911 1550 Nam
933 1488 1083 1571 potuisse
1105 1489 1166 1552 hoc
1188 1511 1316 1574 quoque
1338 1490 1458 1554 Varro-

327 1602 414 1652 nem
430 1586 495 1653 sibi
510 1586 700 1668 concedere,
716 1586 804 1672 quod
818 1598 908 1652 recte
918 1588 1065 1652 Kochius
1082 1588 1103 1651 l.
1117 1611 1144 1653 c.
1162 1591 1308 1673 agnouit,
1324 1590 1458 1655 Petroni

335 1690 458 1754 iterum
478 1688 563 1751 ratio
587 1687 692 1769 docet,
716 1688 772 1773 qui
794 1710 821 1753 c.
839 1697 858 1756 5
875 1688 1066 1754 choliambis
1082 1690 1289 1756 hexametros
1309 1702 1342 1757 et
1355 1715 1382 1756 c.
1398 1699 1458 1762 109

343 1789 495 1855 distichis
529 1788 682 1873 elegiacis
711 1788 1003 1877 hendecasyllabos
1027 1792 1177 1856 subiecit.
1222 1792 1285 1857 Sed
1309 1794 1459 1879 exempla

336 1901 455 1956 extant
476 1913 593 1977 pauca.
620 1889 704 1955 Nolo
728 1889 843 1955 saltem
865 1912 901 1955 π.
918 1889 1007 1973 ἐξαγ.
1022 1891 1073 1973 IV
1094 1914 1169 1957 cum
1183 1892 1369 1959 Ribbeckio
1391 1916 1458 1959 cre-

334 1993 421 2058 ticos
449 1992 666 2079 hacchiosque
698 1992 785 2056 inter
819 2015 854 2057 se
881 1994 1032 2078 iungere,
1065 1993 1155 2079 quod
1186 1994 1317 2081 quidem
1349 1996 1457 2060 Parm.

335 2093 485 2159 Iv-IX
505 2094 630 2158 factum
654 2093 797 2175 uidetur,
820 2117 852 2159 u.
874 2118 907 2180 p.
925 2104 981 2178 863
1005 2095 1126 2160 deinde
1147 2094 1286 2160 Eumen.
1309 2096 1458 2162 XLVIII

336 2195 541 2262 octonarium
554 2194 730 2259 iambicum
746 2195 932 2260 trochaicus
948 2199 1095 2283 sequitur
1111 2220 1239 2261 uersus.
1273 2198 1458 2284 Septenarii

335 2319 436 2382 porro
460 2306 492 2362 et
514 2296 674 2361 octonarii
695 2318 812 2361 uersus
836 2297 994 2362 trochaici
1022 2300 1070 2362 ita
1091 2299 1232 2365 fortasse
1255 2298 1338 2363 Bim.
1362 2299 1455 2364 XI·-

335 2397 427 2462 XIII
448 2399 552 2462 iuncti
574 2406 665 2479 sunt,
695 2407 733 2462 ut
755 2399 960 2483 septenarius
989 2398 1156 2464 clausulae
1184 2422 1319 2463 munere
1340 2399 1456 2484 funga-

335 2509 406 2583 tur3
431 2499 489 2563 sed
503 2498 598 2562 Eum.
615 2498 730 2563 I—III
744 2502 929 2584 promiscue
951 2489 1052 2586 positi
1074 2524 1146 2565 esse
1167 2501 1331 2565 uidentur.
1369 2501 1455 2586 Epo-

336 2600 398 2666 dos
432 2609 541 2665 autem
572 2608 648 2664 ante
680 2599 858 2665 Horatium
890 2602 958 2665 iam
990 2624 1065 2665 eum
1097 2597 1289 2688 scripsisse,
1322 2601 1409 2688 quod
1437 2624 1455 2665 e

334 2700 476 2787 Marcip.
498 2701 535 2765 II
555 2700 743 2765 Meinekius
768 2699 865 2785 (diar.
881 2703 983 2788 antiq.
1001 2702 1065 2767 litt.
1083 2713 1163 2774 1845
1179 2726 1211 2789 p-
1228 2713 1289 2775 739
1305 2712 1338 2766 et
1348 2701 1454 2787 praef.

335 2801 380 2866 ad
395 2802 512 2867 Horat.
530 2825 562 2888 p.
579 2802 785 2890 XXXVIII)
800 2805 997 2889 suspicatur,
1016 2827 1090 2868 cum
1108 2805 1177 2869 eius
1193 2805 1370 2889 fragmenti
1384 2827 1456 2869 uer·

335 2926 393 2968 sus
417 2902 511 2984 alter,
537 2904 592 2987 qui
615 2913 770 2989 quattuor
790 2904 910 2968 iambis
934 2914 1074 2986 constat,
1090 2928 1167 2991 pars
1190 2917 1318 2970 tantum
1334 2907 1455 2970 senarii

296 3087 299 3096 Ι
335 3027 410 3069 esse
431 3006 555 3091 possit„
583 3007 749 3069 nonsatis
777 3016 903 3070 certum
928 3005 1077 3088 uidetur3
1104 3029 1164 3070 nec
1190 3017 1299 3071 tamen
1321 3007 1453 3073 omnino

335 3129 412 3171 eum
425 3107 464 3171 L.
481 3105 640 3171 Muellero
656 3129 688 3192 p.
706 3115 766 3175 413
789 3105 1034 3193 reprobandum
1055 3108 1219 3192 inposta,
1235 3131 1333 3194 quem
1355 3131 1375 3172 a
1389 3130 1453 3173 me-

334 3208 427 3272 tricis
450 3208 683 3275 nouationibus
713 3230 779 3272 non
807 3208 1005 3273 abstinuisse
1031 3209 1119 3273 infra
1146 3209 1270 3277 docebo
1294 3232 1454 3296 quemque

334 3331 388 3373 res
411 3308 545 3392 similes,
568 3311 782 3395 anapaestica
805 3310 877 3375 dico
902 3320 1084 3396 systemata
1106 3312 1318 3396 paroemiacis
1342 3311 1454 3375 clausa

334 3414 449 3475 rhea.
473 3428 503 3475 σ.
526 3411 585 3493 IV,
609 3413 759 3493 Κοσμοτ..
777 3411 865 3475 VIII
887 3411 1078 3476 adhibuisse
1101 3422 1135 3476 et
1158 3412 1275 3475 seriem
1296 3412 1452 3477 iambico-

333 3534 408 3576 rum
423 3512 593 3599 dactylico
624 3517 675 3597 (ut
696 3512 795 3597 Diog.
811 3511 856 3599 [L.
877 3512 927 3576 VI
950 3511 1025 3596 100)
1048 3514 1140 3576 exitu
1162 3512 1258 3577 Eum.
1282 3512 1451 3593 XXXIX,

333 3614 435 3680 XLII
450 3615 607 3679 clausisse
624 3613 700 3699 (hoc
715 3612 801 3678 adde
816 3614 855 3677 L.
871 3611 1029 3677 Muellero
1044 3635 1076 3698 p.
1094 3613 1170 3699 114)
1193 3613 1369 3679 uerisimile
1392 3624 1452 3679 est.

419 3716 568 3781 Tandem
589 3716 691 3800 igitur
713 3713 973 3799 disputationem
994 3737 1100 3779 meam
1121 3714 1165 3779 ad
1187 3716 1286 3781 finem
1299 3716 1451 3802 perduxi,

333 3840 400 3905 qua
422 3818 551 3883 ostendi
578 3817 663 3881 inter
690 3817 877 3901 fragmenta
904 3827 1091 3909 saturarum
1118 3817 1248 3881 circiter
1276 3818 1453 3903 quingenta

327 3920 515 4004 'nonaginta
536 3920 628 4005 poesi
651 3918 870 3983 adtribuenda
898 3940 971 3982 esse
994 3917 1124 3989 circiter
1152 3917 1292 3982 ducenta
1313 3917 1451 4004 quadra-

330 4022 441 4106 ginta,
470 4020 598 4107 reliqua
625 4020 793 4105 pedestria
814 4040 903 4092 esse.
949 4019 1015 4084 Sed
1042 4029 1076 4082 et
1096 4017 1159 4095 hoc
1180 4019 1213 4081 in
1240 4019 1304 4083 fine
1326 4019 1450 4103 repeto,

331 4124 429 4208 signa
460 4122 609 4209 poeticae
642 4121 888 4210 compositionis
922 4143 974 4184 me
1007 4121 1042 4182 in
1075 4118 1212 4203 singulis
1246 4119 1450 4204 fragmentis,

331 4247 407 4288 cum
421 4224 584 4309 poeticam
598 4223 727 4288 omnino
747 4220 893 4287 indolem
908 4220 1132 4285 demonstrare
1147 4229 1319 4285 contentus
1334 4241 1450 4301 essem,

330 4349 397 4392 non
426 4325 535 4389 omnia
571 4317 795 4405 enumerasse,
831 4323 1013 4407 iterumque
1046 4321 1202 4386 confiteor
1233 4321 1322 4406 quod
1356 4319 1451 4385 initio

331 4428 412 4509 dixi,
428 4427 462 4490 in
485 4425 624 4511 singulis
639 4448 691 4489 me
705 4425 853 4511 potuisse
875 4427 1114 4509 errare,'quare
1135 4423 1164 4485 si
1178 4424 1264 4486 inter
1285 4420 1451 4508 pedestria

330 4528 467 4614 reliqui,
496 4550 580 4613 quae
607 4538 713 4593 certas
736 4528 778 4593 ob
801 4522 917 4591 causas
946 4525 1075 4611 poetica
1095 4545 1168 4588 esse
1189 4523 1270 4587 mihi
1290 4533 1450 4589 monstra·
1532 4557 1541 4564 ·

329 4630 434 4712 bitur,
456 4627 673 4722 libentissime
696 4629 847 4715 equidem
869 4626 1042 4693 edocebor.
