3559 5709
742 717 948 773 lorissense!
1340 711 1403 777 247

799 879 889 960 τιτι

370 982 468 1067 Diog.
495 982 606 1048 Laert.
635 981 733 1051 1192
766 979 977 1064 ’Μελέαγρος
1003 977 1039 1045 δὲ
1070 980 1107 1045 ἐν
1135 982 1187 1069 τῷ
1225 980 1402 1068 δευτέρῳ

275 1079 381 1164 περὶ
407 1082 538 1161 δοξῶν
565 1080 621 1147 καὶ
643 1080 869 1166 Κλειτόμαχος
891 1084 929 1146 ἐν
951 1086 998 1171 τῷ
1019 1079 1139 1170 πρώτῳ
1161 1080 1237 1167 περὶ
1260 1086 1327 1146 τῶν
1350 1083 1401 1147 αι’-

170 1225 173 1231 *
276 1180 410 1271 ρὲσεων
431 1181 537 1267 φασὶν
564 1176 690 1259 αὐτοὺς
717 1185 754 1271 (i.
777 1208 806 1250 e.
829 1184 1043 1272 Cyrenaicos)
1071 1180 1218 1270 ἄχρηστα
1245 1174 1404 1267 ἡγεῖσθαι

277 1284 323 1351 τό
346 1308 382 1350 τε
410 1277 559 1369 φυσικὸν
587 1284 689 1372 μέρος
716 1282 772 1350 καὶ
800 1278 837 1351 τὸ
866 1281 1085 1352 διαλεκτικόν.
1130 1285 1314 1353 Δύνασθαι
1339 1278 1403 1370 γὰρ

279 1373 326 1453 εὖ
347 1387 460 1471 λέγειν
487 1384 542 1453 καὶ
564 1389 827 1472 δεισιδαιμονίας
850 1381 944 1465 ἐκτὸς
972 1384 1058 1454 εἶναι
1080 1382 1217 1455 καὶτὸν
1239 1392 1316 1477 περὶ
1337 1402 1404 1461 θα-

278 1489 392 1555 νάτου
415 1490 527 1573 φόβον
549 1488 728 1574 ἐκφεύγειν
750 1484 810 1555 τὸν
834 1483 925 1576 [τὸν]
949 1488 1026 1576 περὶ
1048 1484 1189 1574 ἀγαθῶν
1212 1494 1268 1561 καὶ
1289 1501 1404 1563 κακῶν

278 1587 389 1676 λόγον
410 1590 691 1677 ἐκμεμαθηκότα]

547 2210 594 2282 Μ.
622 2206 854 2281 TERENTI
881 2206 1143 2326 VARRONIS

669 2342 1011 2421 LOGISTORIOI

743 2647 943 2714 ATTICVS

441 2819 446 2833 ¹
710 2750 770 2814 De
798 2751 974 2814 numeris

368 2851 568 2922 Censorinus
591 2860 630 2934 2,
653 2860 672 2920 2
696 2874 743 2938 sq.
773 2850 924 2917 ‘Scilicet
950 2860 988 2916 ut
1009 2851 1116 2915 Varro
1146 2860 1286 2916 testatur
1307 2852 1342 2914 in
1364 2874 1403 2917 eo

280 2954 368 3021 libro
392 2953 445 3018 eui
467 2952 583 3019 titulus
612 2962 662 3018 est
689 2953 822 3019 Atticus
847 2963 879 3019 et
904 2962 954 3017 est
983 2953 1024 3017 de
1051 2952 1194 3017 numeris
1202 3000 1212 3034 ,
1240 2953 1274 3017 id
1302 2953 1403 3017 moris

187 3140 190 3144 ,
282 3055 491 3142 institutique
519 3056 659 3120 maiores
690 3056 794 3121 nostri
823 3064 1014 3134 tenuerunt,
1046 3064 1083 3119 ut
1111 3077 1186 3118 cum
1216 3054 1270 3118 die
1299 3053 1403 3118 natali

282 3180 400 3223 munus
423 3156 540 3222 annale
561 3157 657 3242 genio
680 3156 859 3239 soluerent,
883 3179 1016 3223 manum
1038 3179 1059 3220 a
1073 3156 1173 3221 caede
1197 3165 1230 3221 et
1245 3155 1405 3240 sanguine

282 3258 504 3342 abstinerent,
527 3282 568 3324 ne
591 3258 645 3324 die
668 3282 732 3346 qua
753 3258 818 3345 ipsi
839 3258 946 3324 lucem
968 3260 1174 3345 accepissent
1197 3257 1272 3323 aliis
1297 3258 1402 3322 deme

282 3371 367 3426 rent.
388 3362 539 3448 Denique
553 3360 631 3426 Deli
646 3360 689 3425 ad
703 3360 867 3447 Apollinis
883 3361 1039 3446 genitoris
1063 3383 1166 3441 aram,
1189 3371 1226 3424 ut
1248 3360 1403 3424 Timaeus

283 3472 399 3529 auctor
421 3473 486 3545 est,
515 3484 610 3528 nemo
632 3463 774 3528 hostiam
803 3462 921 3528 caedit.
967 3462 1056 3527 Illud
1084 3462 1184 3526 etiam
1209 3462 1244 3524 in
1265 3462 1326 3526 hoc
1349 3459 1403 3524 die

281 3556 543 3648 obseruandum,
577 3564 663 3652 quod
691 3564 786 3649 genio
814 3564 940 3630 factum
971 3564 1133 3629 neminem
1165 3570 1296 3650 oportet
1328 3569 1403 3627 ante

182 3658 213 3666 ”
282 3676 420 3753 gustare
441 3688 539 3754 quam
561 3689 635 3732 eum
657 3667 714 3754 qui
736 3665 874 3732 fecerit?

739 3835 948 3902 CALENVS

368 3939 479 4005 Duces
503 3960 578 4004 cum
599 3940 741 4025 primum
758 3937 924 4005 <hostilem
946 3961 1062 4023 agrum
1092 3937 1261 4003 introitum
1283 3935 1403 4017 ierant,

282 4040 399 4107 ominis
422 4063 523 4106 eausa
544 4039 634 4127 prius
657 4041 786 4105 hastam
808 4039 843 4104 in
859 4062 933 4105 eum
956 4062 1071 4125 agrum
1086 4039 1278 4119 mittebant,
1301 4046 1338 4101 ut
1352 4058 1403 4101 ca-

282 4142 367 4207 stris·
385 4141 495 4208 locum
517 4152 681 4228 caperent.
970 4137 972 4141 ⁴

350 4330 507 4384 ATTICVS
543 4330 587 4385 cf.
611 4330 738 4382 Sidonius
760 4331 930 4397 Apollinaris
949 4346 1011 4397 epp.
1029 4330 1127 4381 VIII6
1151 4330 1317 4380 ‘Varronem
1335 4330 1405 4395 logi·

282 4400 416 4451 storicum
434 4401 509 4451 sieut
525 4413 693 4466 poposceras
714 4404 742 4451 et
753 4400 904 4451 Eusebium
922 4399 1076 4465 chronogrs
1095 4398 1160 4449 hum
1172 4398 1257 4448 misi.'
1276 4396 1307 4447 si
1319 4399 1405 4449 etism

281 4470 416 4519 Varronis
442 4468 515 4519 liber
538 4468 573 4519 ad
596 4468 844 4534 chronographiam
866 4466 1040 4533 pertinebat,
1093 4467 1179 4517 tticus
1204 4464 1316 4516 uidetur
1338 4466 1405 4516 mihi

280 4537 381 4600 fuisse,
395 4535 431 4589 ef.
445 4537 527 4601 proli.
541 4554 567 4602 p.
581 4538 614 4587 37
626 4540 683 4586 not.
697 4538 720 4586 6.
746 4539 805 4587 ‘De
823 4536 993 4587 muneribus’
1012 4535 1162 4598 Manutius,
1181 4534 1358 4586 thschelius.
1372 4562 1403 4571 -

281 4605 327 4656 Cf.
347 4603 460 4655 Seruius
479 4605 515 4655 sd
532 4606 600 4655 Aen.
619 4604 662 4655 III
679 4604 756 4656 85.-

353 4671 520 4727 cmnnvs
556 4672 668 4724 Seruius
687 4672 803 4726 adAen.
815 4672 856 4725 IX
868 4673 901 4725 53
919 4673 1018 4725 ‘Varro
1036 4672 1066 4723 in
1079 4669 1185 4724 Caleno
1203 4672 1245 4722 ita
1264 4672 1359 4723 ait...’
1372 4698 1404 4707 -
