3559 5709
336 677 378 747 68
804 679 932 743 ulrvr
962 682 984 743 ll

335 862 359 917 t.
375 852 400 915 f.
415 850 480 929 III,
503 847 590 934 quod
610 847 775 933 poeticum
797 870 882 912 esse·
896 848 1116 915 Buechelerus
1144 849 1167 915 l.
1188 849 1238 917 ibi
1260 875 1290 917 e.
1315 850 1462 920 animad-

336 951 445 1048 pertit.
467 986 500 997 —
520 949 640 1036 quinq.
656 948 755 1014 VIII:
781 956 958 1031 ‘lympham'
982 961 1154 1037 poetarum
1177 964 1240 1035 est,
1263 957 1380 1035 ‘potata'
1404 956 1462 1020 hoc

336 1077 401 1120 uno
429 1050 499 1117 loeo
528 1050 657 1135 legitur.
686 1088 728 1099 —
759 1050 960 1116 Dubitanter
988 1053 1086 1117 etiam
1113 1054 1203 1120 Serr.
1225 1056 1298 1121 VII
1326 1067 1461 1144 propter

335 1160 467 1234 ‘liquido
489 1159 566 1218 utta’
589 1151 724 1237 poeticis
748 1150 906 1237 adiungo,
938 1153 1015 1239 quia
1038 1152 1207 1242 ‘liquidus'
1230 1180 1299 1223 non
1328 1158 1461 1245 quidem

336 1254 488 1335 solorum,
511 1254 570 1319 sed
591 1253 688 1338 longe
709 1252 851 1339 plurima
873 1276 915 1318 ex
937 1265 1031 1340 parte
1054 1266 1229 1342 poetarum
1251 1282 1323 1326 uox
1346 1264 1460 1326 est'-

335 1358 427 1443 Seaq.
443 1358 488 1421 V:
513 1362 660 1421 ‘inodora
675 1360 785 1435 poclis
803 1353 957 1419 Plautina
979 1356 1078 1421 dictio
1094 1368 1160 1442 est3
1184 1357 1347 1425 Plautina
1361 1364 1460 1427 etiam

335 1469 367 1524 et
396 1458 525 1525 omnino
553 1454 735 1521 humilioris
769 1477 908 1540 poeseos
935 1456 1017 1521 ibid.
1040 1458 1122 1525 Vll:
1159 1465 1285 1526 ‘barem
1313 1466 1458 1542 sufflare

335 1570 395 1626 est.
416 1596 448 1607 —
474 1558 553 1623 ibid.
576 1558 642 1622 VI:
674 1562 753 1622 ‘uias
774 1563 956 1644 stelliyeras’
980 1569 1013 1623 et
1035 1559 1156 1625 XXII:
1187 1566 1377 1627 ‘Pieridum’
1400 1587 1457 1650 pro

335 1662 529 1729 ‘Musarum’
554 1657 610 1743 (ef.
627 1658 856 1722 vaodtdaox.
872 1658 946 1744 fg.)‚
969 1681 1053 1745 quae
1075 1683 1173 1747 porro
1196 1662 1342 1729 XXIII:
1368 1670 1457 1730 ‘Tbe-

333 1769 485 1845 spiadum'
507 1762 636 1826 nomine
665 1760 834 1841 dicuntur,
862 1762 1088 1847 unusquisque
1109 1762 1202 1829 uidet
1223 1787 1298 1831 esse
1322 1789 1367 1832 ex
1388 1790 1457 1832 uer-

335 1866 425 1930 sibus
453 1863 564 1950 petita.
597 1900 632 1909 -
667 1861 786 1947 Sexag.
816 1861 883 1926 IX:
915 1864 1036 1937 ‘serait'
1065 1864 1232 1949 poeticum
1260 1877 1333 1949 est,
1360 1892 1394 1933 ιι.
1417 1869 1458 1933 ad

267 2024 269 2029 .
333 1964 463 2033 Desult.
488 1966 515 2030 I.
540 2002 578 2011 —
602 1962 691 2032 rith.
708 1964 740 2028 I:
765 1966 930 2028 ‘ueritatis'
952 1963 1113 2048 poeticum
1136 1976 1204 2048 est,
1233 1991 1267 2032 u.
1291 1968 1339 2034 ad
1359 1970 1457 2035 Pseu·

334 2068 429 2133 daen.
458 2103 501 2114 -
527 2064 609 2131 ibid.
631 2065 677 2128 V:
707 2069 788 2129 ‘lust’
816 2083 877 2150 pro
907 2066 1064 2129 ‘earmina
1090 2065 1167 2130 feoi'
1195 2090 1216 2131 a
1247 2090 1352 2154 prosa
1383 2080 1456 2135 ante

234 2229 238 2238 .
334 2168 526 2236 Suetonium
548 2164 691 2230 alienum
706 2174 765 2229 est.
782 2202 823 2212 —
842 2163 912 2227 Τού
933 2187 1030 2249 aare.
1048 2189 1076 2228 τ.
1093 2187 1127 2229 π.
1143 2167 1175 2232 I-:
1201 2173 1336 2249 ‘edepol'
1361 2172 1457 2237 eomi-

334 2292 392 2335 oae
413 2268 638 2335 tantummodo
661 2288 796 2353 poeseos
826 2275 893 2347 est,
922 2267 964 2332 of.
986 2266 1097 2332 adnot.
1120 2268 1164 2334 ad
1185 2269 1323 2336 Andab.
1346 2272 1395 2338 Π.
1416 2311 1457 2319 -

333 2372 427 2457 Virg.
451 2369 517 2434 diu.
544 2371 590 2434 V:
626 2375 755 2434 ‘limina'
789 2368 885 2432 unius
919 2367 1061 2433 aedificii
1093 2368 1220 2435 aliusue
1254 2371 1303 2435 rei
1338 2372 1457 2459 plurali

333 2495 468 2538 numero
493 2471 557 2536 diei
580 2494 600 2536 a
622 2470 767 2557 pedestri
789 2489 938 2535 sermone
961 2468 1104 2534 alienum
1126 2482 1187 2537 est.

417 2575 488 2638 Iam
511 2572 539 2636 si
560 2571 651 2653 haec,
674 2593 757 2657 quae
781 2569 889 2635 adhue
904 2569 957 2634 uel
972 2582 1106 2657 propter
1121 2573 1346 2659 epithetorum
1361 2599 1456 2641 usum

333 2697 416 2763 quae
439 2673 590 2740 ornantia
617 2672 771 2738 dicuntur
797 2671 851 2737 uel
877 2682 1011 2758 propter
1037 2674 1199 2739 uocabula
1227 2698 1314 2761 quae
1343 2677 1457 2743 insunt

331 2777 461 2863 poetica
487 2775 636 2841 uersibus
670 2773 832 2855 adtribui,
867 2771 970 2839 oeulis
1003 2774 1272 2860 perlustraueris‚
1306 2801 1455 2867 quaeque

332 2878 489 2946 fueritin
511 2875 718 2965 pedestribus
739 2874 897 2941 Varronis
920 2874 1026 2957 libris,
1048 2876 1244 2963 praesertim
1265 2876 1334 2943 illis
1357 2880 1400 2945 de
1421 2902 1455 2944 re

331 2982 455 3047 rustica
476 2978 588 3044 hilaris
618 2976 750 3066 quidem
778 2986 811 3041 et
832 2976 942 3040 faceta
969 2976 1157 3064 salibusque
1186 3000 1369 3065 conspersa
1396 2980 1455 3046 sed

332 3081 576 3168 simplicissima
606 3078 772 3144 scribendi
804 3078 888 3143 ratio
923 3079 1108 3143 memineris
1115 3094 1139 3163 ‚¹
1157 3077 1256 3145 facile
1291 3082 1453 3148 concedes

330 3182 431 3248 latius
455 3183 554 3248 etiam
581 3181 786 3265 euagandum
814 3202 885 3243 esse
909 3180 1097 3267 omniaque,
1127 3204 1210 3267 quae
1237 3181 1293 3247 uel
1319 3182 1453 3251 insolite

332 3295 365 3350 et
387 3283 564 3350 artificiose
587 3292 621 3347 et
643 3291 788 3348 tortuose
818 3282 941 3367 scripta
961 3280 1016 3357 uel
1037 3282 1140 3347 nimia
1167 3283 1347 3349 uerborum
1372 3284 1454 3351 mul·

330 3385 473 3452 titudine
506 3383 646 3451 molesta
679 3394 712 3448 et
746 3404 1004 3468 superuacaneas
1039 3384 1193 3469 ambages
1229 3384 1330 3472 (quas,
1361 3386 1453 3471 frigi-

333 3486 481 3552 diuseule
513 3487 697 3551 Varronem
730 3506 963 3571 nonnunquam
997 3507 1158 3571 usurpare
1189 3485 1318 3571 fateor)
1352 3489 1453 3555 eonti-

331 3588 444 3651 nentia
465 3588 499 3650 in
521 3588 642 3653 saturis
664 3587 887 3667 inueniuntur,
910 3586 1001 3671 poesi
1022 3586 1223 3650 uindicanda
1245 3610 1330 3652 esse.
1374 3588 1453 3653 Pro·

331 3688 419 3752 fecto
440 3687 522 3751 haee
544 3710 672 3775 semper
698 3689 768 3752 fere
790 3688 832 3752 ab
856 3688 902 3751 eis
926 3709 1009 3773 quae
1036 3686 1227 3773 simpliciter
1249 3698 1283 3753 et
1303 3689 1452 3775 pedestri

331 3811 422 3853 more
444 3789 625 3874 composita
646 3798 737 3872 sunt,
764 3788 869 3875 primo
893 3788 1004 3853 statim
1026 3789 1143 3854 obtutu
1166 3788 1356 3854 discernere
1377 3788 1452 3855 lice

331 3890 392 3957 bit.
437 3891 527 3972 Quas
550 3900 684 3978 propter
706 3912 822 3956 causas
844 3890 944 3956 haece
966 3890 1096 3976 poetica
1118 3913 1190 3955 esse
1212 3891 1299 3956 dice.

416 3993 517 4059 Abor.
541 3992 573 4056 I:
604 3999 687 4072 ‘equa'
711 3998 863 4058 tinniant
893 3993 927 4055 in
954 3987 1197 4057 enumeratione
1224 4013 1335 4057 rerum
1363 3994 1452 4058 simi-

330 4094 409 4160 lium
430 4092 549 4181 plurali
571 4103 704 4179 repente
726 4117 860 4178 numero
882 4092 1014 4159 insolite
1037 4092 1164 4157 dieitur.
1180 4132 1222 4142 -
1242 4095 1368 4179 Agath.
1383 4095 1450 4161 IV:

331 4204 374 4262 ‘ia
402 4202 538 4262 aeditos'
567 4217 861 4282 superuacaneum
890 4194 933 4258 ef.
961 4195 1061 4259 etiam
1092 4217 1125 4279 p·
1142 4203 1193 4265 73.
1226 4232 1269 4241 -
1295 4195 1378 4261 ibid.
1402 4198 1450 4263 V:

332 4305 428 4364 ‘caelo
443 4305 565 4365 delirae
589 4320 662 4363 oum
678 4307 747 4362 arte
771 4296 894 4361 dietum
914 4319 973 4382 pro
997 4294 1237 4361 ‘caelatust-
1251 4294 1371 4362 Obiter
1383 4320 1451 4362 mo-

331 4420 392 4464 neo
427 4399 467 4463 de
497 4399 618 4485 Agath.
646 4398 693 4483 fg.
722 4409 741 4469 4
779 4395 872 4463 Oehl.
902 4398 989 4484 quod
1020 4397 1161 4461 Varroni
1193 4397 1451 4465 abiudieandum

330 4499 464 4564 uidetur
486 4499 532 4585 (u.
556 4499 732 4564 adnot-ad
753 4500 785 4563 h.
809 4499 862 4584 l.);
892 4500 944 4563 sin
966 4498 1038 4585 quis
1060 4499 1203 4563 Varroni
1224 4497 1372 4565 tribuere
1392 4522 1451 4565 uo-

330 4597 376 4663 let
383 4650 392 4682 ,
420 4601 584 4686 poeticum
610 4612 720 4669 tamen
747 4600 847 4666 faciet
873 4622 949 4665 cum
969 4610 1105 4685 propter
1126 4597 1312 4664 Plautinam
1333 4623 1453 4669 uocem
