3559 5709
332 698 373 764 66
799 700 926 757 CAPVT
956 700 977 756 ll

328 890 392 953 quo
419 867 454 930 in
482 864 627 951 pedestri
654 864 812 949 scriptore
842 862 1009 927 inuenitur
1031 861 1223 946 (Suetonius
1247 859 1289 925 de
1311 883 1468 946 gramm„

330 971 396 1054 15),
420 991 437 1032 e
460 966 602 1032 carmine
631 966 822 1049 desumptus
851 965 985 1029 uidetur
1012 962 1194 1050 dactylico,
1222 985 1296 1027 cum
1327 964 1451 1028 Lenaei

328 1069 362 1132 in
384 1067 576 1134 Sallustium
598 1073 804 1132 5acerbisstma
830 1075 949 1131 satura’
978 1065 1080 1139 talem
1106 1064 1176 1128 fere
1203 1074 1241 1128 ut
1267 1073 1350 1150 puto
1378 1086 1449 1129 uer·

328 1193 401 1234 sum
423 1168 632 1236 continuerit:
664 1168 696 1232 ‘.'
712 1216 720 1231 .
735 1168 905 1248 lassamus,
934 1170 1035 1240 lurco,
1059 1173 1168 1231 nebulo
1190 1169 1281 1244 atque
1297 1167 1450 1246 popino’.
1504 1224 1510 1231 .

327 1310 370 1321 -
391 1271 473 1338 ibid.
491 1271 543 1361 V:
560 1329 563 1334 .
580 1277 683 1334 ‘aura’
712 1269 799 1354 apud
830 1278 944 1353 poetas
974 1278 1103 1332 tantum
1130 1268 1271 1332 nitorem
1295 1267 1352 1330 uel
1378 1267 1451 1330 auri

329 1374 443 1458 (Verg.
468 1373 551 1437 Aen.
576 1370 724 1452 V1204)
747 1367 800 1434 uel
822 1369 956 1454 pulcrae
978 1367 1108 1455 puellae
1133 1368 1230 1453 (Hor.
1254 1389 1346 1432 carm
1367 1367 1404 1432 Π
1421 1377 1450 1448 8,

329 1475 384 1562 24)
407 1473 461 1537 uel
483 1482 595 1539 nostro
618 1471 689 1536 loco
713 1469 791 1535 solis
816 1470 991 1555 significat.
1014 1508 1057 1517 —
1078 1469 1159 1533 ibid.
1182 1469 1249 1533 XI:
1275 1477 1449 1548 ‘prouocat'

329 1574 467 1639 siidem
489 1573 648 1659 estquod
677 1581 748 1657 ‘par
775 1582 825 1637 est
853 1571 977 1653 alicui’,
1005 1581 1177 1657 poetarum
1199 1580 1266 1653 est,
1289 1570 1451 1657 equibus

328 1677 509 1761 posteriore
542 1684 688 1759 tempore
726 1674 859 1737 transiit
891 1674 925 1736 in
959 1672 1145 1759 pedestrem
1178 1662 1375 1736 sermonem.
1410 1709 1452 1756 ss-

328 1776 409 1842 ibid.
426 1775 507 1839 XV:
533 1778 720 1851 ‘infandum’
745 1773 843 1838 semel
865 1773 999 1859 quidem
1014 1773 1166 1839 Ciceroni
1189 1771 1261 1858 (pro
1285 1773 1378 1838 Sext.
1395 1771 1451 1857 55)
1471 1838 1473 1842 .

329 1877 522 1967 adhibetur,
545 1876 650 1963 poetis
679 1897 758 1939 uero
786 1875 1038 1940 usitatissimum
1060 1884 1120 1939 est.
1145 1912 1186 1923 -
1211 1873 1292 1940 ibid.
1316 1873 1449 1939 XLIV:

330 1986 529 2044 ‘dierectum'
563 1999 630 2040 uox
662 1997 751 2040 mere
784 1975 949 2042 Plautina.
977 2014 1020 2026 -
1047 1977 1162 2046 Γνῶθ.
1190 1989 1220 2038 o.
1247 1975 1280 2040 V
1310 1981 1453 2051 ‘sacrifice

330 2087 432 2144 duxit'
455 2099 514 2164 pro
529 2084 592 2142 ‘ex
620 2099 695 2141 aere
723 2076 814 2142 fecit'
842 2079 944 2143 uerbo
974 2101 995 2141 a
1022 2099 1057 2141 se
1085 2077 1156 2164 ipso
1178 2086 1223 2153 ut·
1242 2076 1376 2140 uidetur
1403 2077 1451 2139 in·

329 2189 428 2245 uento
450 2179 602 2244 libertate
640 2177 772 2264 poetica
805 2178 913 2243 Varro
949 2179 1044 2242 dixit.
1077 2217 1112 2226 —
1149 2178 1248 2242 Herc.
1278 2186 1302 2242 t.
1330 2177 1356 2241 f.
1379 2177 1450 2241 III:

331 2289 461 2361 ‘capot'
489 2301 548 2366 pro
577 2287 740 2364 ‘uagatur’
768 2282 932 2365 poeticum
960 2302 1031 2343 esse
1059 2278 1278 2344 Buechelerus
1310 2277 1333 2341 l.
1361 2299 1388 2341 c.
1418 2300 1452 2365 p.

330 2392 393 2454 430
416 2406 463 2468 sq.
493 2383 558 2445 iam
581 2381 727 2466 agnouit.
750 2419 792 2430 —-
820 2381 913 2445 Idem
935 2382 976 2445 A.
1001 2402 1031 2465 q.
1056 2381 1096 2444 T.
1118 2386 1149 2444 I:
1182 2386 1289 2444 ‘rabis'
1311 2380 1453 2444 uerbum

320 2495 406 2573 vante
429 2485 585 2549 Senecam
607 2482 711 2568 poetis
734 2490 862 2546 tantum
883 2483 1058 2564 usitatum3
1083 2481 1124 2546 de
1138 2481 1228 2546 uocis
1253 2486 1351 2560 ‘quid'
1374 2501 1451 2565 epa-

330 2584 477 2671 naphora
499 2607 532 2646 u.
554 2583 653 2647 infra.
675 2620 718 2629 —
740 2586 888 2665 Κοσμοτ.
912 2585 974 2648 IV:
1000 2590 1168 2664 ‘capulum'
1191 2604 1288 2647 areae
1310 2581 1452 2647 cadaue-

330 2708 402 2748 rum
424 2685 557 2749 notione
580 2683 686 2768 poetis
709 2684 877 2769 proprium
900 2694 965 2765 est,
994 2684 1136 2749 maxime
1164 2683 1313 2764 comicis,
1342 2706 1360 2746 e
1381 2681 1453 2768 qui-

330 2786 392 2852 bus
419 2784 579 2872 Apuleius
610 2785 760 2869 sumpsit.
789 2825 827 2833 -
851 2785 931 2851 ibid.
956 2785 1007 2849 VI
1028 2792 1169 2850 ‘Aeneae'
1192 2785 1221 2849 i:
1238 2808 1266 2850 e.
1289 2785 1452 2848 Romano·

330 2910 403 2952 rum
425 2896 458 2952 et
481 2893 613 2952 ‘misceri
632 2894 781 2965 sanquine
806 2875 966 2969 supparem,
991 2909 1074 2972 quae
1100 2887 1136 2949 in
1162 2896 1305 2951 mentem
1330 2892 1453 2950 uocant

330 2989 518 3054 Ennianum
540 2987 622 3051 illud
644 3011 686 3052 ex
702 2988 842 3053 Hecuba
862 3012 894 3052 u.
911 2995 972 3059 228
988 2988 1085 3052 Vahl.
1104 2997 1165 3058 164
1178 2986 1276 3053 Ribb.
1302 2996 1453 3067 ‘perorant

331 3098 437 3155 lauare
457 3111 596 3168 sanauea
618 3097 779 3168 suoquioe'
802 3091 933 3174 poetica
955 3112 1027 3154 esse
1049 3099 1262 3175 apparet.·-
1281 3087 1365 3153 ibid.
1381 3086 1452 3151 VH

330 3196 442 3255 ‘amoc’
467 3190 569 3278 (quod
596 3191 738 3277 restitui)
768 3212 826 3276 pro
854 3190 945 3254 unda
971 3191 1026 3255 uel
1053 3213 1139 3277 aqua
1165 3212 1186 3254 a
1212 3188 1358 3276 pedestri
1384 3210 1451 3251 ser-

330 3315 426 3358 mone
449 3293 579 3356 omnino
608 3291 750 3355 alienum
778 3300 838 3355 est.
860 3292 1017 3360 —Idem
1040 3290 1215 3357 dicendum
1243 3300 1294 3354 est
1316 3288 1359 3354 de
1381 3297 1451 3368 ‘tla-

330 3403 420 3459 mt'oe’
450 3393 532 3459 ibid.
555 3394 649 3459 VIII.
672 3432 714 3441 —
735 3392 808 3456 Lex
828 3390 937 3456 Maen.
960 3394 1024 3458 VI:
1055 3399 1190 3457 ‘lumine'
1219 3412 1278 3477 pro
1308 3390 1362 3454 die
1382 3389 1451 3452 En-

330 3497 403 3558 nius
426 3494 657 3580 Vergiliusque
680 3494 796 3558 dicunt'
812 3493 902 3579 (ann.
928 3503 998 3564 118.
1023 3503 1093 3564 165.
1116 3505 1201 3578 trag.
1225 3501 1285 3562 301
1304 3491 1347 3556 V.
1365 3489 1450 3554 Aen.

330 3596 380 3660 VI
413 3597 510 3681 356);
549 3597 678 3660 omniuo
714 3595 777 3659 hoc
813 3595 999 3680 fragmento
1036 3595 1181 3659 Ennium
1217 3595 1375 3657 imitatur.
1406 3628 1452 3640 —-

331 3699 474 3777 Λογομ.;
498 3702 676 3774 ‘iuniperus’
700 3718 759 3782 pro
782 3697 899 3761 ouibus
923 3695 1053 3782 legitur.
1075 3735 1118 3743 —-
1139 3695 1228 3759 Man.
1246 3696 1310 3759 VI:
1337 3700 1451 3771 ‘nepes’

331 3805 382 3860 est
402 3797 541 3861 uerbum
563 3819 584 3860 a
604 3818 704 3882 prosa
726 3795 882 3881 alienum3
908 3809 1052 3863 ceterum
1074 3798 1114 3862 de
1136 3797 1198 3862 hoc
1219 3798 1284 3880 l'rg.
1299 3818 1332 3858 u.
1350 3792 1451 3858 infra.

330 3937 373 3946 —-
401 3897 480 3963 ibid.
504 3897 607 3962 XIII:
639 3904 796 3977 ‘finemque
823 3905 1012 3979 modumque
1043 3900 1151 3964 exitus
1174 3918 1289 3962 uersus
1320 3894 1452 3981 qualem
1508 3889 1511 3901 '

331 4010 443 4065 amant
465 3998 619 4084 dactylici
641 4011 769 4085 poetae.
792 4037 834 4046 -
855 4002 937 4065 ibid.
960 4001 1042 4065 XV:
1073 4008 1203 4064 ‘limites’
1227 4020 1292 4062 non
1314 3997 1356 4063 de
1378 3996 1452 4081 agri

332 4103 391 4167 sed
413 4103 454 4166 de
480 4100 563 4166 alius
595 4101 643 4164 rei
650 4148 659 4182 ,
693 4100 785 4166 uelut
805 4101 838 4166 h.
861 4102 884 4168 l.
911 4103 1054 4185 culinae,
1089 4099 1235 4166 terminis
1262 4098 1452 4184 finibusque

332 4213 448 4287 poetae
469 4211 596 4267 tantum
617 4212 790 4288 usurpant,
813 4203 934 4289 plurali
955 4202 1149 4289 praesertim
1170 4217 1322 4282 numer03
1352 4200 1452 4264 comi-

331 4324 510 4391 corumque
538 4314 590 4369 est
624 4310 833 4369 ‘alimoniam'.
862 4343 904 4351 —
930 4304 1010 4369 ibid.
1039 4304 1166 4367 XXII:
1191 4307 1352 4366 ‘stertere'
1376 4300 1452 4366 dor·

207 4439 213 4449 ,
330 4404 454 4467 miendi
474 4406 607 4471 notione
630 4407 825 4470 comicorum
847 4415 976 4469 tantum
998 4415 1058 4486 est,
1074 4406 1159 4468 unde
1174 4403 1280 4468 Varro
1297 4401 1451 4488 sumpsit.

335 4542 369 4551 -
387 4504 522 4591 Mareip.
538 4506 636 4572 XVI:
662 4513 873 4584 ‘ueteranos’
896 4496 1060 4569 uetustam
1075 4525 1210 4590 poeseos
1226 4505 1388 4568 rationem
1400 4525 1451 4567 re-

241 4646 244 4651 ·
332 4604 430 4669 dolet.
445 4643 495 4653 -—
516 4606 661 4692 Marcop.
684 4609 735 4672 II:
766 4613 889 4670 ‘enicat’
914 4607 941 4669 si
970 4604 1161 4691 simpliciter
1182 4605 1326 4670 ‘occidit’
1350 4604 1451 4690 signi-
