3559 5709
694 715 824 772 GAPV'I
852 718 862 771 Ι
1295 711 1338 776 49

217 901 292 943 oum
320 879 495 959 scriberet,
530 877 595 943 alia
624 878 693 942 eius
722 879 758 941 in
779 877 899 962 uulgus
929 877 995 941 iam
1021 888 1100 943 nota
1127 889 1236 964 erant;
1271 881 1337 945 iam

217 980 305 1046 enim
327 978 527 1046 ‘libellionis’
551 980 641 1044 fama
669 980 850 1061 fruebatur,
875 979 917 1044 ef.
942 979 988 1065 fg.
1004 979 1046 1043 V.
1080 980 1122 1044 V.
1138 981 1239 1047 etiam
1260 982 1335 1047 adn.

174 1075 176 1079 Α
216 1082 260 1148 ad
284 1077 549 1166 Κοσμοτορύνὴς
570 1082 617 1167 fg.
634 1082 692 1147 VI.

302 1183 396 1249 Haec
426 1183 467 1249 de
495 1184 617 1250 saturis
646 1183 786 1250 dicenda
814 1191 917 1247 erant.
968 1183 1061 1263 Quae
1090 1184 1244 1270 quoniam
1266 1185 1337 1253 fato

216 1285 399 1353 miserabili
432 1308 566 1372 prorsus
600 1285 695 1351 nobis
725 1286 935 1365 interierunt,
971 1293 1074 1350 restat
1103 1288 1337 1371 quaerendum,

217 1408 390 1474 quousque
417 1397 450 1452 et
479 1385 640 1472 aquibus
669 1386 857 1452 hominibus
886 1386 990 1449 lectae
1018 1386 1098 1469 sint,
1131 1411 1206 1453 cum
1233 1390 1337 1476 ipsius

217 1489 267 1554 rei
289 1511 404 1571 causa,
428 1498 499 1553 tum
520 1499 558 1554 ut
579 1510 831 1572 cognoscamur,
854 1487 942 1552 unde
963 1487 1113 1553 notitiam
1137 1513 1251 1555 earum
1273 1503 1338 1557 tra·

217 1591 345 1673 xerint,
381 1591 437 1677 qui
465 1590 591 1656 minuta
617 1589 674 1654 illa
701 1588 844 1655 frustula
870 1589 966 1654 nobis
995 1602 1178 1657 seruarunt.
1227 1591 1338 1656 Aliam

217 1694 314 1781 enim,
333 1693 436 1757 fuisse
458 1694 646 1757 saturarum
669 1701 790 1757 sortem
811 1714 910 1778 quam
931 1690 1098 1757 doctrinae
1114 1691 1338 1759 Varronianae

216 1817 283 1859 non
299 1792 436 1859 difficile
458 1792 672 1879 intellegitur,
696 1816 779 1880 quae
793 1792 947 1858 omnibus
960 1794 1183 1859 Romanorum
1198 1794 1337 1859 saeculis

217 1894 394 1981 diligenter
409 1918 429 1960 a
444 1896 524 1960 uiris
540 1895 644 1961 doctis
666 1903 807 1961 tractata
822 1905 882 1961 est.
916 1895 1052 1960 Saturus
1068 1906 1179 1962 autem
1194 1897 1337 1963 omnino·

216 2020 281 2084 que
303 1996 434 2083 poetica
448 1997 608 2063 Varronis
633 2020 733 2085 opera
755 2021 773 2061 e
794 1997 952 2061 memoria
974 1996 1143 2063 hominum
1164 2020 1242 2064 mox
1263 2020 1338 2064 eua-

216 2098 363 2183 nuisse1)
400 2098 564 2165 luculento
592 2100 779 2165 testimonio
812 2120 947 2185 possum
980 2101 1201 2185 comprobare.
1252 2100 1338 2166 Nam
1454 2153 1457 2158 .

215 2202 321 2287 ipsius
352 2200 484 2286 quidem
511 2211 658 2288 tempore
686 2209 782 2266 notae
814 2210 925 2284 erant,
957 2209 995 2264 ut
1022 2200 1230 2267 eOieeronis
1253 2203 1337 2267 Aca-

218 2302 420 2367 demicorum
441 2302 536 2369 initio
559 2313 713 2390 apparet,
736 2303 779 2367 cf.
803 2303 901 2367 etiam
924 2300 965 2366 de
986 2301 1065 2387 ling.
1088 2302 1144 2368 lat.
1169 2302 1238 2368 VII
1260 2313 1338 2373 3:

216 2403 338 2489 Sexag.
361 2404 408 2489 fg.
432 2403 465 2487 I3
489 2405 651 2491 etiamque
673 2404 843 2486 Horatius,
867 2426 940 2469 cum
963 2403 1177 2491 pugnandum
1199 2406 1229 2469 ei
1252 2416 1338 2470 esset

218 2505 380 2571 aduersus
404 2528 478 2586 eos,
503 2507 559 2592 qui
582 2517 695 2571 uetera
717 2515 846 2572 tantum
869 2505 1014 2570 carmina
1036 2506 1231 2593 probabant,
1253 2507 1337 2572 Var-

216 2631 351 2694 renem,
374 2618 412 2673 ut
433 2619 521 2674 recte
543 2609 708 2693 Bergkius
733 2608 774 2672 de
797 2607 855 2671 rel.
878 2631 962 2674 com.
985 2609 1058 2674 Att.
1075 2617 1143 2673 ant.
1158 2632 1191 2695 p.
1210 2617 1271 2679 146
1289 2631 1337 2696 sq.

215 2708 418 2776 Ritseheh'us
441 2733 524 2774 mus.
547 2708 660 2797 philol.
683 2709 733 2773 VI
755 2734 787 2797 p.
805 2718 866 2780 493
888 2720 957 2776 not.
982 2710 1202 2796 suspicantur,
1226 2733 1337 2797 quam·

216 2833 317 2899 quam
333 2811 501 2877 doctrinae
517 2810 605 2876 illius
621 2833 767 2875 summae
789 2811 974 2875 reuerentia
995 2834 1069 2875 eum
1091 2833 1158 2876 non
1179 2812 1336 2895 nominat,

215 2914 316 2979 tacite
344 2922 453 2979 tamen
483 2912 671 2997 intellegit·
700 2912 770 2976 Nee
794 2912 864 2976 sine
893 2934 993 2976 causa
1019 2911 1075 2976 ille
1096 2912 1183 2977 inter
1205 2922 1337 2977 saturae

215 3014 411 3081 Lucilianae
427 3016 610 3101 scriptores.
620 3016 800 3080 Varronem
822 3012 962 3079 alterum
983 3013 1040 3078 ubi
1055 3013 1202 3078 nominat
1225 3014 1336 3099 (serm.

216 3118 235 3181 Ι
259 3127 316 3199 16,
340 3119 412 3200 46),
442 3117 621 3186 Atacinum
648 3138 826 3201 cognomen
854 3114 1026 3201 adposuit,
1059 3125 1097 3180 ut
1124 3138 1267 3181 errorem
1294 3116 1337 3182 ab

216 3219 311 3285 initio
333 3217 555 3313 praecideret,
584 3241 648 3304 quo
671 3218 846 3282 Reatinum
868 3218 941 3303 quis
964 3215 1221 3302 intellegendum
1244 3226 1337 3304 puta·

216 3330 284 3404 ret,
308 3323 398 3385 cuius
423 3329 551 3386 saturas
574 3320 767 3406 Menippeas
796 3320 894 3384 etiarn
916 3329 994 3383 tunc
1015 3329 1110 3384 notas
1134 3320 1237 3384 fuisse
1259 3319 1337 3384 inde

216 3432 367 3510 apparet.
418 3422 465 3488 At
486 3432 662 3515 postquam
689 3422 991 3505 noua-Augusteae
1015 3420 1132 3485 aetatis
1156 3421 1266 3506 poesis
1288 3421 1337 3484 in-

216 3524 337 3590 claruit
359 3534 392 3589 et
401 3523 603 3590 amoenioris
625 3523 807 3608 elegantiae
829 3522 938 3608 gratia
953 3521 1077 3586 animos
1093 3523 1210 3606 tenuit,
1227 3520 1336 3587 nullus

305 3732 331 3796 1)
350 3732 516 3799 Agnoscitur
534 3732 604 3782 haec
618 3732 711 3782 famae
725 3729 885 3781 differentia
897 3730 1024 3792 uocibus,
1045 3729 1143 3795 quibus
1155 3730 1337 3795 praedicandi

218 3833 306 3870 cause
320 3833 380 3868 eum
393 3800 605 3883 insigniuerunt.
640 3815 805 3882 Appellatur
818 3816 892 3866 enim
904 3830 990 3881 saepe
1003 3815 1188 3879 doctissimus,
1208 3816 1336 3865 eruditis·

216 3906 316 3969 simus,
335 3904 546 3967 curiosissimus,
568 3902 766 3968 peritissimus;
787 3906 887 3966 ‘paene
907 3885 999 3951 omnia
1018 3898 1142 3950 tradidit’
1161 3899 1270 3964 (Quint.
1284 3900 1338 3950 XII

218 3992 265 4048 11,
288 3985 350 4060 24);
374 3989 573 4038 ‘doctrinarum
592 3987 728 4037 columen’
749 3984 830 4048 (Gell.
850 3986 918 4035 XIX
936 3988 981 4047 14,
1007 3985 1046 4048 1);
1070 3985 1221 4035 ‘Romanae
1247 3984 1336 4033 erudi-

216 4074 305 4124 tionIs
322 4078 433 4138 perens’
454 4070 565 4138 (Symm.
585 4061 646 4138 epp'.
666 4076 739 4123 auct.
758 4069 800 4136 2);
820 4062 1122 4128 ‘uticonattau'tcvoc'
1147 4074 1175 4119 et
1198 4069 1338 4135 ‘antepor-

216 4152 371 4216 a‘te'ovutoo’
397 4157 477 4221 (Lyd.
496 4158 530 4208 de
549 4158 651 4222 mag.1
670 4156 758 4222 praef.
777 4156 807 4219 1,
826 4154 867 4219 5);
893 4146 1135 4219 ‘fltfittuuoivoewe’
1156 4153 1240 4216 (Plut.
1257 4154 1334 4204 Rom.
1435 4223 1440 4230 ἡ

217 4242 278 4307 12);
302 4258 387 4308 saepe
407 4244 491 4293 etiam
511 4240 711 4307 ‘philosophus'
730 4240 848 4299 dicitur,
861 4240 933 4303 quod
953 4255 1013 4289 eum
1032 4240 1067 4288 ed
1083 4238 1261 4303 logistoricos
1280 4243 1337 4289 tum

216 4329 310 4393 magIS
329 4328 413 4377 etiam
432 4327 467 4377 ud
490 4342 580 4377 rerum
604 4326 760 4377 diuinarum
783 4326 868 4376 libros
893 4325 1026 4388 pertinet-3
1055 4323 1091 4373 cf.
1110 4323 1223 4373 Hieron.
1243 4324 1336 4375 chron.

216 4413 327 4470 otrus,
342 4414 366 4465 1,
387 4412 487 4474 188,1;
513 4410 590 4461 Seru.
606 4411 640 4461 ad
657 4413 726 4462 Aen.
739 4412 778 4461 VI
791 4413 852 4469 7323
872 4408 952 4473 Apul.
969 4409 1003 4457 de
1015 4422 1087 4471 meg.
1100 4409 1147 4469 423
1166 4408 1239 4460 Plut.
1258 4410 1336 4460 Rom.

217 4501 264 4561 123
284 4496 354 4564 App.
367 4496 436 4547 bell.
451 4496 502 4547 eiu.
517 4497 554 4546 IV
567 4498 599 4547 47
614 4494 662 4560 (cf.
676 4497 760 4546 etiam
773 4512 798 4559 p.
814 4493 866 4558 16),
887 4495 998 4543 ‘Poeta’
1012 4496 1104 4542 autem
1123 4494 1210 4543 semel
1229 4499 1338 4545 tantum

216 4583 345 4649 (Hieron.
366 4581 511 4633 chronol.
531 4582 588 4640 166,
609 4580 634 4645 1)
653 4584 842 4646 nuncupatur;
863 4579 908 4628 cui
932 4577 1070 4627 addantur
1087 4576 1143 4627 loci
1162 4579 1260 4644 quibus
1278 4582 1337 4630 Me-

216 4670 336 4735 nippeus
356 4666 514 4733 appellatur
532 4666 569 4720 cf.
587 4683 615 4732 p.
634 4667 663 4729 83
683 4666 733 4718 sed
752 4671 844 4717 tamen
864 4663 915 4715 alii
931 4663 975 4712 illi
993 4662 1078 4712 multo
1095 4662 1147 4713 hos
1166 4670 1308 4730 superant.

269 4760 363 4809 Riese,
378 4756 484 4799 Varronis
499 4756 590 4799 Satisne.
1115 4756 1135 4813 4
