3559 5709
729 707 857 765 CAPVT
887 709 897 763 l
1332 702 1369 763 11

253 874 402 958 adeoque
426 895 467 937 ex
490 873 632 958 quinque
655 871 719 935 illis
744 894 827 956 quae
850 870 982 955 collegit
1005 869 1164 935 Oehlerus
1189 870 1234 955 (p.
1250 878 1290 941 29
1307 873 1370 956 sq.)

252 999 355 1039 unum
378 974 572 1040 demendum
595 984 654 1053 est,
678 996 752 1037 cum
775 972 896 1057 Suidae
919 974 1022 1038 uerba
1044 998 1069 1036 s.
1085 996 1117 1035 u.
1142 970 1261 1047 Φαιόςτ
1285 970 1373 1035 ‘Me‘-

252 1097 375 1151 νιππος
397 1066 415 1139 ὁ
439 1066 579 1151 κυνικὸς
600 1071 653 1138 ἐπὶ
675 1074 839 1138 τοσοῦτον
866 1076 1036 1156 τερατείας
1057 1065 1198 1157 ἤλασεν,
1223 1064 1267 1148 οἱς
1285 1070 1371 1157 Ἐρι-
1454 1129 1460 1141 .

251 1171 335 1254 νύος
357 1175 541 1261 ἀναλαβεῖν
564 1176 682 1259 σχῆμα,
700 1175 807 1259 λέγων
828 1174 1009 1250 ἐπίσκοπος
1024 1168 1166 1258 ἀφῖχθαι
1182 1174 1249 1238 τῶν
1264 1165 1372 1258 ἁμαρ-

252 1279 451 1363 τανομένων
474 1277 507 1357 ἐξ
530 1270 634 1361 didov’
660 1302 729 1365 sqq.
747 1278 931 1362 aDiogenc
946 1279 996 1343 VI
1014 1287 1073 1347 102
1088 1278 1131 1342 ad
1145 1276 1372 1343 Menedemum

252 1383 413 1466 cynicum,
437 1404 503 1446 non
525 1381 568 1445 ad
589 1380 783 1467 Menippum
804 1380 920 1444 referri
948 1381 1013 1444 iam
1036 1378 1161 1443 dudum
1181 1379 1372 1466 Leopardus

251 1484 519 1550 emendationum
551 1482 655 1547 XVII
685 1491 702 1552 3
732 1482 952 1547 adnotauerit.
1010 1484 1089 1568 Ipsa
1106 1463 1306 1566 'fragmenta
1338 1483 1373 1547 in

253 1585 344 1651 calce
366 1586 462 1649 huius
486 1584 562 1649 libri
584 1583 778 1648 adicientur.

316 1688 387 1753 lam
410 1709 487 1751 uero
510 1697 548 1752 ut
570 1686 679 1750 Probo
703 1684 963 1768 satisfaciamus,
986 1708 1029 1751 an
1051 1685 1252 1751 carminibus
1274 1687 1372 1751 inter-

251 1789 376 1875 spersis
404 1787 579 1873 Menippus
607 1787 708 1852 libros
742 1810 818 1852 suos
846 1788 1027 1853 uariauerit
1058 1787 1279 1875 quaerendum
1312 1799 1371 1853 est.

252 1890 350 1971 Quod
374 1910 446 1952 cum
477 1898 573 1954 antea
601 1889 643 1954 ab
673 1888 822 1954 omnibus
851 1892 1078 1975 negaretur¹),
1111 1891 1237 1977 primus
1265 1890 1372 1955 Probo

250 1992 352 2056 fidem
384 1990 500 2055 habuit
530 1990 695 2056 Prellerus
730 1989 765 2075 (l.
789 2014 816 2055 c.
846 2014 878 2077 p.
903 1992 993 2078 622),
1028 2014 1123 2077 quern
1158 2002 1289 2056 secutus
1323 2001 1373 2055 est

248 2091 523 2168 Wachsmnthius
558 2093 599 2158 de
626 2093 764 2157 Timone
797 2091 943 2157 Phliasio
977 2116 1009 2179 p.
1046 2101 1086 2161 42
1116 2117 1163 2179 sq.
1196 2093 1251 2179 qui
1284 2093 1371 2179 apud

176 2206 179 2209 ’
251 2194 460 2260 Athenaeum
482 2193 500 2256 I
521 2216 553 2280 p.
570 2202 636 2263 32e
658 2184 695 2257 ‘d
718 2192 804 2275 γοῦν
826 2186 963 2268 κυνικὸς
985 2187 1167 2270 Μένιππος
1188 2186 1374 2279 ἁλμοπότιν

250 2288 314 2379 τὴν
328 2291 477 2360 Μύνδον
499 2296 622 2377 φησιν’
643 2295 746 2360 uerba
769 2319 786 2359 c
810 2295 949 2382 poeticis
972 2297 1121 2381 partibus
1145 2319 1218 2362 esse
1241 2284 1389 2362 seruata

251 2398 441 2464 coniectura
463 2419 622 2483 perquam
644 2397 809 2484 probabili
831 2407 953 2462 censet.
991 2398 1105 2484 Neque
1120 2410 1170 2466 est
1193 2422 1250 2464 cur
1264 2399 1372 2465 Probo

250 2499 334 2564 fides
358 2501 547 2584 derogetur,
572 2499 627 2584 qui
648 2501 793 2584 pessima
815 2498 946 2586 quidem
961 2498 1142 2565 elocutione
1162 2523 1242 2565 uera
1264 2511 1373 2571 tamen

251 2601 442 2687 ceteroquin
463 2601 526 2665 hoc
548 2600 620 2665 loco
643 2601 754 2666 refert.
799 2603 1005 2687 Quamquam
1028 2600 1109 2667 illud
1132 2613 1371 2686 argumentum,

251 2704 342 2789 quod
367 2701 637 2767 Wachsmuthius
666 2725 698 2788 p.
723 2712 762 2774 43
791 2727 808 2768 e
833 2703 985 2769 uersibus
1015 2705 1098 2790 petit
1127 2705 1312 2769 Homericis
1341 2714 1373 2769 et

250 2804 458 2890 Euripideis,
487 2804 605 2890 quibus
633 2803 809 2890 Menippus
842 2805 1028 2870 Lucianeus
1059 2808 1094 2869 in
1125 2807 1372 2893 necyomantiae

249 2907 347 2972 initio
369 2906 482 2987 utitur,
506 2904 554 2969 nil
575 2905 695 2992 poterit
717 2906 847 2970 efficere
869 2907 933 2970 nisi
957 2906 1095 2971 aliorum
1116 2931 1231 2972 uersus
1246 2906 1371 2994 Menip-

249 3031 330 3095 pum
351 3006 405 3072 uel
427 3005 619 3093 simpliciter
640 3030 817 3093 usurpasse
840 3007 894 3072 uel
922 3008 1196 3095 sillographorum
1218 3009 1314 3074 modo
1337 3010 1372 3072 in

249 3108 424 3175 ridiculum
457 3108 653 3193 detorsisse3
682 3109 816 3196 propria
844 3110 913 3174 eius
943 3112 1088 3174 carmina
1114 3110 1192 3175 inde
1214 3110 1290 3175 erui
1318 3134 1372 3175 ne-

249 3220 384 3297 queunt.
422 3212 469 3276 At
489 3209 782 3297 locupletissimum
812 3211 1035 3278 testimonium
1055 3213 1190 3299 Dialogi
1212 3214 1370 3278 Lucianei

249 3313 354 3378 uerba
375 3313 545 3400 praebent,
570 3313 749 3377 aLuciano
767 3312 843 3377 dum
858 3313 1050 3401 Menippum
1072 3315 1219 3380 imitetur
1237 3340 1271 3381 se
1286 3314 1371 3379 male

249 3424 427 3481 tractatum
449 3437 520 3483 esse
542 3415 593 3479 his
620 3415 731 3481 uerbis
760 3416 795 3478 iu
817 3415 874 3479 Bis
898 3426 1050 3480 accusato
1079 3439 1150 3503 cap.
1175 3426 1214 3487 33
1237 3427 1372 3503 queren-

249 3520 309 3582 tis:
341 3522 396 3565 ‘—-
418 3507 455 3579 τὸ
484 3508 549 3600 γὰρ
579 3509 718 3580 πάντων
747 3511 979 3599 ἀτοπώτατον,
1009 3515 1129 3598 κρᾶσίν
1157 3540 1233 3581 τινα
1261 3513 1372 3601 παροί-

252 3618 355 3696 δοξον
376 3612 541 3700 κέκραμαι
564 3614 619 3681 καὶ
642 3610 721 3682 οὔτε
747 3614 843 3697 πεζός
866 3619 933 3701 εἰμι
961 3610 1040 3682 οὔτε
1067 3615 1121 3682 ἐπὶ
1149 3618 1216 3681 τῶν
1237 3613 1371 3702 μέτρων

248 3714 396 3804 βέβηκα,
421 3710 507 3783 ἀλλὰ
528 3718 802 3804 ἱπποκενταύρου
825 3721 924 3802 δίκην
946 3717 1118 3784 σύνθετόν
1140 3744 1172 3784 τι
1194 3718 1250 3785 καὶ
1272 3719 1372 3799 ξένον

250 3820 368 3905 φάσμα
390 3833 460 3897 τοϊς
489 3813 655 3886 ἀκούουσι
684 3822 796 3887 douai?
843 3825 917 3903 Quo
945 3823 1015 3888 loco
1039 3822 1134 3901 πεζός
1160 3846 1227 3888 non
1249 3823 1292 3888 ad
1313 3825 1371 3887 hu-

249 3923 360 3988 milem
381 3922 614 4011 uulgaremque
638 3925 769 3996 dicendi
790 3947 898 4007 usum,
916 3923 974 3988 sed
996 3925 1039 3989 ad
1055 3946 1237 3989 sermonem
1257 3925 1371 4011 utique

249 4024 433 4112 prosarium
461 4026 626 4112 pertinere
661 4049 699 4091 ea
732 4049 815 4115 quae
848 4035 1058 4113 opponuntur
1079 4018 1188 4104 iodea
1219 4022 1272 4089 ἐπὶ
1304 4024 1371 4089 τῶν

317 4317 344 4383 1)
363 4318 447 4368 Errat
469 4319 542 4369 enim
564 4320 597 4368 F.
616 4319 677 4385 Ley
700 4318 732 4369 de
756 4319 817 4369 uita
840 4318 1007 4384 scriptisque
1035 4319 1161 4384 Menippi
1185 4318 1276 4383 cynici
1299 4336 1325 4384 p.
1345 4322 1370 4383 8,

248 4403 446 4454 casaubonum
469 4418 578 4468 quoque
603 4404 726 4453 carmina
749 4405 869 4455 sermoni
893 4404 928 4453 ab
952 4404 1001 4454 illo
1024 4403 1149 4453 immixta
1173 4402 1312 4455 affirmare
1330 4404 1370 4455 di·

250 4503 324 4538 cens.
361 4486 465 4552 Nempe
485 4492 581 4553 aperte
600 4487 782 4539 Casaubonus
805 4488 932 4539 declarat
949 4504 976 4555 p.
996 4490 1046 4539 207
1065 4492 1166 4538 ‘meras
1187 4488 1317 4553 parodias
1336 4506 1370 4541 ex

249 4572 351 4621 alienis
373 4572 502 4623 uersibus
524 4572 687 4638 Menippum
710 4574 916 4639 contexuisse‘,
939 4589 994 4623 non
1017 4576 1111 4626 autem
1140 4573 1230 4641 ipsum
1258 4588 1368 4639 quoque

248 4658 327 4722 poesi
345 4657 508 4725 omnigenae
528 4673 641 4724 operam
662 4656 839 4725 impendisse.
