3559 5709
822 721 984 779 VARRONIS
1404 715 1465 779 267
1544 727 1549 750 ¹

343 894 397 950 44.
431 892 503 951 Non
524 901 587 951 tam
610 889 769 950 laudabile
797 897 843 951 θεῖ
868 889 1043 949 meminisse
1071 909 1161 968 quam
1185 890 1360 951 inuenisse:
1389 889 1467 950 illud

431 977 512 1036 enim
528 976 672 1049 alienum,
685 974 743 1035 hoc
758 976 876 1054 proprii
890 976 1025 1034 muneris
1042 982 1097 1033 est.
1121 974 1271 1035 Neutrum
1286 977 1354 1035 sine
1370 975 1466 1034 altero

430 1062 578 1121 scientem
594 1061 676 1120 facit.

343 1148 396 1205 45.
430 1147 502 1206 Non
518 1148 551 1205 in
568 1144 740 1225 disciplinis
756 1145 857 1217 fidem,
875 1144 931 1204 scd
948 1145 1109 1204 scientiam
1124 1143 1214 1203 habe.

343 1233 385 1291 45
394 1252 421 1289 a.
438 1232 533 1291 Fides
548 1240 594 1290 est
605 1229 708 1290 media
721 1230 876 1310 opinionis
890 1237 921 1289 et
932 1230 1089 1302 scientiae,
1104 1238 1244 1289 neutram
1256 1231 1422 1308 attingens.

346 1318 398 1376 46.
432 1316 702 1376 Elucentissimum
720 1324 767 1375 est
783 1314 936 1374 edocendi
951 1334 1050 1393 genus
1067 1315 1277 1394 exemplorum
1292 1314 1436 1375 subditio.

344 1402 396 1459 47.
433 1400 618 1461 Corrixandi
633 1400 791 1461 materiam
807 1401 932 1479 saepius
949 1399 1026 1459 dant
1041 1399 1248 1461 definitiones.

344 1487 396 1545 48.
430 1486 484 1546 Nil
498 1486 543 1545 illi
558 1494 681 1558 certum,
700 1486 750 1546 cui
765 1485 852 1545 nulla
869 1484 922 1544 diu
937 1485 1041 1564 placet
1055 1486 1219 1545 sententia.

344 1571 395 1629 49.
431 1569 521 1649 Quod
549 1590 655 1629 nomm
676 1579 736 1644 est,
764 1589 876 1648 perse
899 1570 997 1645 lucet3
1028 1568 1169 1630 sednon
1192 1570 1251 1630 nisi
1267 1570 1466 1650 pertinaciter
1514 1589 1516 1592 ·

431 1654 615 1735 disquirenti
631 1663 771 1736 apparet.
979 1646 990 1668 ’

343 1742 395 1801 50.
429 1740 572 1801 Facilitas
589 1741 827 1819 intellegentiae
842 1740 909 1799 ueri
924 1740 1005 1819 parit
1021 1740 1260 1817 neglegentiam.
1323 1733 1329 1748 “

344 1826 394 1884 51.
429 1824 522 1904 Quod
542 1826 699 1885 intricauit
720 1825 968 1904 alieniloquium,
996 1825 1145 1903 imperitis
1169 1832 1216 1885 θεῖ
1236 1825 1463 1904 grauissimum:

429 1910 461 1970 id
477 1911 626 1984 recolunt,
643 1910 675 1970 id
692 1917 805 1979 amant,
820 1909 854 1970 id
868 1910 973 1989 magni
989 1910 1120 1986 faciunt,
1142 1911 1280 1970 nituntur
1293 1919 1328 1971 ut
1342 1912 1465 1971 intelle·

383 2033 387 2037 Δ
432 2004 515 2074 gant,
531 1995 670 2073 gaudent
686 2016 777 2076 quum
794 1996 903 2068 sciant,
921 1996 1091 2073 gloriantur
1107 2015 1200 2076 quum
1216 1995 1357 2056 doceant.

341 2081 394 2140 52.
429 2082 557 2141 Amator
571 2082 638 2141 ueri
654 2101 717 2141 non
737 2090 800 2140 tam
822 2087 957 2159 spectat,
975 2080 1106 2160 qualiter
1122 2080 1248 2154 dicatur,
1266 2101 1358 2161 quam
1374 2080 1464 2161 quid:

427 2166 674 2245 intellegentiam
698 2168 766 2226 ueri
792 2166 931 2245 sequitur
956 2164 1102 2225 iudicium
1128 2165 1299 2227 doctorum:
1328 2167 1466 2227 ultimum

429 2259 476 2311 est
491 2250 616 2312 dicendi
632 2252 773 2333 qualitas.

341 2337 393 2396 53.
428 2337 519 2397 Illum
542 2338 623 2415 elige
645 2336 840 2410 eruditorem,
868 2356 959 2416 quem
980 2338 1076 2415 magis
1098 2338 1217 2397 mireris
1238 2339 1271 2397 in
1293 2338 1357 2398 suis
1374 2358 1466 2418 quem

427 2423 460 2480 in
477 2421 598 2481 alicnis.

340 2508 394 2567 54.
427 2506 492 2565 Aut
508 2505 661 2587 diligendi
677 2516 749 2567 sunt
765 2506 916 2580 doctores,
934 2517 986 2566 aut
1002 2526 1065 2567 non
1082 2506 1241 2567 audiendi.

340 2592 393 2652 55.
427 2591 623 2652 Inimicorum
640 2592 722 2652 dicta
738 2592 944 2671 neglegantur
959 2613 1023 2651 non
1039 2593 1139 2651 miuus
1154 2593 1240 2672 ipsis.

341 2677 393 2736 56.
429 2674 542 2737 Omnia
556 2696 650 2738 nosse
665 2676 871 2758 impossibile:
895 2697 994 2758 pauca
1009 2696 1073 2738 non
1088 2676 1255 2738 laudabile.

340 2763 392 2821 57.
428 2762 509 2823 Sunt
531 2761 696 2843 quaedam,
727 2782 806 2843 quae
833 2762 992 2823 eradenda
1018 2762 1152 2822 suntab
1177 2765 1279 2824 animo
1305 2762 1463 2840 discentis,

428 2848 501 2927 quia
515 2846 676 2909 inserendi
690 2850 756 2909 ueri
771 2849 871 2907 locum
886 2854 1046 2927 occupant.

340 2933 391 2991 58.
426 2932 643 3012 Incorru‘ptum
658 2932 889 2994 adolescentem
904 2933 1016 2994 docere
1032 2953 1110 2992 uuus
1122 2933 1209 2993 labor
1221 2942 1276 3007 est,
1290 2942 1464 3015 corruptum

426 3018 479 3077 uel
494 3017 611 3098 duplex
625 3020 678 3079 uel
696 3019 741 3080 nil
755 3019 930 3099 proficiens.

340 3104 418 3162 58a.
437 3102 570 3183 Sapiunt
584 3124 660 3163 uasa
676 3103 828 3184 quidquid
845 3105 975 3184 primum
991 3112 1186 3183 acceperunt.
1210 3118 1214 3124 ’

339 3188 390 3247 59.
428 3186 590 3249 Contraria
612 3190 733 3269 opinari
755 3189 893 3268 pluribus
916 3190 1023 3249 necin
1039 3188 1179 3249 omnibus
1201 3190 1389 3252 conueniens
1405 3210 1465 3250 nec

426 3274 459 3332 in
475 3273 629 3353 aliquibus
644 3275 873 3353 incontingens.

339 3360 388 3417 60.
424 3358 554 3429 Multum
569 3359 709 3434 interest,
721 3368 821 3419 utrum
838 3378 903 3419 rem
917 3360 1017 3439 ipsam
1033 3380 1073 3418 an
1085 3358 1179 3419 libros
1194 3361 1350 3439 inspicias.
1374 3361 1463 3421 Meus

427 3451 482 3517 θεῖ,
500 3445 611 3504 clamat
625 3445 831 3524 philosophia,
850 3465 942 3525 quem
958 3464 1005 3504 res
1021 3446 1109 3524 ipsae
1124 3445 1305 3507 docuerunt.

338 3530 390 3587 61.
426 3527 513 3588 Libri
543 3532 670 3590 nonnisi
700 3530 897 3590 scientiarum
927 3531 1115 3610 paupercule
1146 3537 1344 3591 monumenta
1374 3540 1462 3592 sunt:

425 3613 579 3694 principia
599 3615 855 3695 inquirendcmm
878 3617 1055 3687 continent,
1084 3624 1118 3675 ut
1144 3615 1182 3674 ab
1204 3616 1253 3676 his
1280 3617 1462 3695 negotiandi

424 3700 578 3780 principia
593 3709 692 3761 sumat
707 3703 839 3775 animus,
862 3701 909 3760 nil
929 3699 1014 3760 aliud
1035 3721 1132 3780 agens
1153 3702 1214 3762 nisi
1236 3701 1315 3761 forte
1336 3711 1463 3784 propter

424 3781 459 3842 id
474 3785 575 3864 ipsum
590 3786 773 3860 intermittit,
790 3806 831 3845 ue
848 3787 977 3846 omittat.

337 3868 388 3947 62.
423 3868 471 3929 Ec
486 3878 605 3929 tantum
620 3870 723 3931 studia
737 3872 989 3945 intermittantur,
1005 3892 1046 3932 ne
1062 3873 1249 3932 omittantur.

338 3956 390 4013 63.
424 3953 600 4015 Iniucunda
615 3965 687 4017 sunt
702 3958 791 4031 seria,
810 3977 890 4037 quae
907 3978 971 4016 non
988 3959 1051 4017 otia
1068 3958 1253 4018 exhilarant.

334 4086 479 4138 44111uo
495 4087 657 4141 Victorinus
676 4092 726 4143 640
745 4087 794 4156 (V)
812 4091 874 4142 hoc
892 4090 916 4141 A
935 4095 1000 4143 cett.
1019 4117 1053 4128 -
1073 4091 1137 4143 hoc
1154 4091 1179 4141 V
1196 4090 1283 4141 illud
1300 4090 1325 4141 A
1344 4095 1409 4143 cett.
1428 4116 1462 4129 -

335 4156 373 4206 45
386 4159 415 4206 et
426 4158 459 4208 45
472 4174 489 4207 a
508 4158 664 4210 seiunxi—
681 4160 715 4210 49
729 4159 946 4225 disquirendi
964 4159 1195 4226 apparendum
1209 4159 1247 4222 A3
1266 4161 1462 4221 recteinR—

335 4224 373 4275 50
389 4223 656 4292 intelligentiae
680 4232 708 4278 et
729 4228 983 4293 negligentiam
1001 4228 1035 4282 A.
1051 4254 1085 4264 ·-
1120 4229 1151 4279 51
1169 4228 1367 4294 imperitius
1382 4227 1415 4279 A.
1429 4257 1462 4267 —

334 4293 371 4343 52
382 4291 662 4360 intelligentiam
678 4294 702 4346 A
719 4296 794 4346 ueri
812 4297 913 4362 scripsi
931 4295 1055 4349 ueroA.
1071 4323 1105 4331 -
1140 4298 1172 4347 55
1190 4295 1415 4362 negliguntur
1438 4298 1462 4349 A

333 4360 564 4426 negligantur
581 4363 612 4413 P.
625 4389 659 4399 -
683 4364 716 4414 56
733 4363 821 4414 Varro
840 4363 873 4415 de
893 4380 921 4414 re
940 4369 1008 4417 rust.
1020 4364 1048 4415 11
1061 4367 1114 4428 1‚3
1138 4363 1239 4417 ‘Nemo
1259 4365 1350 4416 omnia
1368 4370 1462 4432 potest

333 4428 479 4483 scire.‘—-
513 4431 546 4482 57
566 4431 739 4482 eradenda
758 4435 836 4483 sunt
854 4432 875 4481 P
896 4432 1070 4483 eradenda
1088 4438 1207 4484 esseut
1224 4433 1257 4484 A.
1276 4459 1309 4468 —
1327 4433 1458 4486 discen-

331 4496 381 4547 tis
404 4498 505 4564 scripsi
532 4499 681 4550 scientis
704 4500 768 4551 libri
785 4516 830 4536 1-
857 4501 938 4565 quia
956 4501 1118 4552 Vincentius
1140 4501 1351 4553 Bellouacensis
1374 4518 1460 4569 quae

330 4563 527 4618 Pom.A.-
561 4568 594 4618 58
612 4567 774 4619 docereP
798 4568 917 4620 doceri
934 4568 1013 4624 A.-
1036 4570 1318 4637 58asegregaui.-
1357 4573 1459 4624 tioiu-

330 4633 471 4699 apicius
494 4634 548 4685 PP.
577 4636 786 4701 inspiciesA
818 4638 956 4701 qusmP
986 4652 1082 4703 quam
1099 4638 1132 4697 A.
1151 4666 1184 4683 -·
1220 4640 1251 4692 61
1269 4640 1460 4715 papercula

328 4701 368 4759 A.
391 4729 425 4739 —
462 4704 495 4754 03
518 4704 629 4761 otiaP
660 4705 765 4759 otium
787 4706 819 4758 A.
840 4733 871 4751 -η
1306 4711 1324 4724 ”
