<?xml version="1.0" encoding="UTF-8"?>
<!DOCTYPE html PUBLIC "-//W3C//DTD XHTML 1.0 Transitional//EN"
    "http://www.w3.org/TR/xhtml1/DTD/xhtml1-transitional.dtd">
<html xmlns="http://www.w3.org/1999/xhtml" xml:lang="en" lang="en">
 <head>
  <title>
</title>
<meta http-equiv="Content-Type" content="text/html;charset=utf-8" />
  <meta name='ocr-system' content='tesseract 3.04.00' />
  <meta name='ocr-capabilities' content='ocr_page ocr_carea ocr_par ocr_line ocrx_word'/>
</head>
<body>
  <div class='ocr_page' id='page_1' title='image "./saturarummenipp00riesgoog_0038.png"; bbox 0 0 3559 5709; ppageno 0'>
   <div class='ocr_carea' id='block_1_1' title="bbox 437 702 1075 766">
    <p class='ocr_par' dir='ltr' id='par_1_1' title="bbox 437 702 1075 766">
     <span class='ocr_line' id='line_1_1' title="bbox 437 702 1075 766; baseline -0.002 0"><span class='ocrx_word' id='word_1_1' title='bbox 437 702 477 766; x_wconf 82' lang='lat'>14</span> <span class='ocrx_word' id='word_1_2' title='bbox 910 709 1035 765; x_wconf 76' lang='lat' dir='ltr'>CAPVT</span> <span class='ocrx_word' id='word_1_3' title='bbox 1064 710 1075 765; x_wconf 96' lang='lat' dir='ltr'>l</span> 
     </span>
    </p>
   </div>
   <div class='ocr_carea' id='block_1_2' title="bbox 412 870 1596 4721">
    <p class='ocr_par' dir='ltr' id='par_1_2' title="bbox 412 870 1596 4721">
     <span class='ocr_line' id='line_1_2' title="bbox 435 870 1554 957; baseline 0.003 -24"><span class='ocrx_word' id='word_1_4' title='bbox 435 871 658 957; x_wconf 89' lang='lat' dir='ltr'>disputatione</span> <span class='ocrx_word' id='word_1_5' title='bbox 680 871 861 952; x_wconf 80' lang='lat' dir='ltr'>ostendere,</span> <span class='ocrx_word' id='word_1_6' title='bbox 878 872 981 935; x_wconf 91' lang='lat' dir='ltr'>uerbo</span> <span class='ocrx_word' id='word_1_7' title='bbox 1004 870 1056 936; x_wconf 91' lang='lat' dir='ltr'>hic</span> <span class='ocrx_word' id='word_1_8' title='bbox 1072 871 1278 956; x_wconf 77' lang='lat' dir='ltr'>significasse</span> <span class='ocrx_word' id='word_1_9' title='bbox 1301 871 1460 956; x_wconf 79' lang='lat' dir='ltr'>sufficiat3</span> <span class='ocrx_word' id='word_1_10' title='bbox 1483 873 1554 936; x_wconf 87' lang='lat' dir='ltr'>iam</span> 
     </span>
     <span class='ocr_line' id='line_1_3' title="bbox 433 972 1552 1059; baseline 0.001 -22"><span class='ocrx_word' id='word_1_11' title='bbox 433 994 512 1037; x_wconf 89' lang='lat' dir='ltr'>uero</span> <span class='ocrx_word' id='word_1_12' title='bbox 535 996 608 1037; x_wconf 89' lang='lat' dir='ltr'>cum</span> <span class='ocrx_word' id='word_1_13' title='bbox 628 973 779 1037; x_wconf 89' lang='lat' dir='ltr'>uersibus</span> <span class='ocrx_word' id='word_1_14' title='bbox 807 972 997 1058; x_wconf 89' lang='lat' dir='ltr'>Menippum</span> <span class='ocrx_word' id='word_1_15' title='bbox 1020 995 1148 1058; x_wconf 89' lang='lat' dir='ltr'>qnoque</span> <span class='ocrx_word' id='word_1_16' title='bbox 1177 995 1274 1036; x_wconf 88' lang='lat' dir='ltr'>usum</span> <span class='ocrx_word' id='word_1_17' title='bbox 1297 995 1368 1036; x_wconf 90' lang='lat' dir='ltr'>esse</span> <span class='ocrx_word' id='word_1_18' title='bbox 1392 995 1552 1059; x_wconf 79' lang='lat' dir='ltr'>exposue</span> 
     </span>
     <span class='ocr_line' id='line_1_4' title="bbox 433 1074 1553 1162; baseline 0.003 -25"><span class='ocrx_word' id='word_1_19' title='bbox 433 1075 511 1156; x_wconf 90' lang='lat' dir='ltr'>rim,</span> <span class='ocrx_word' id='word_1_20' title='bbox 535 1075 731 1160; x_wconf 90' lang='lat' dir='ltr'>respondere</span> <span class='ocrx_word' id='word_1_21' title='bbox 759 1074 851 1156; x_wconf 90' lang='lat' dir='ltr'>licet,</span> <span class='ocrx_word' id='word_1_22' title='bbox 878 1083 1051 1159; x_wconf 90' lang='lat' dir='ltr'>utrumque</span> <span class='ocrx_word' id='word_1_23' title='bbox 1079 1074 1145 1138; x_wconf 91' lang='lat' dir='ltr'>fide</span> <span class='ocrx_word' id='word_1_24' title='bbox 1168 1074 1269 1159; x_wconf 88' lang='lat' dir='ltr'>digna</span> <span class='ocrx_word' id='word_1_25' title='bbox 1290 1081 1423 1139; x_wconf 81' lang='lat' dir='ltr'>narra‘re</span> <span class='ocrx_word' id='word_1_26' title='bbox 1445 1098 1553 1162; x_wconf 90' lang='lat' dir='ltr'>neque</span> 
     </span>
     <span class='ocr_line' id='line_1_5' title="bbox 412 1167 1552 1264; baseline 0.002 -24"><span class='ocrx_word' id='word_1_27' title='bbox 412 1167 488 1241; x_wconf 74' lang='lat' dir='ltr'>¹eos</span> <span class='ocrx_word' id='word_1_28' title='bbox 510 1177 631 1241; x_wconf 65' lang='lat' dir='ltr'>intene</span> <span class='ocrx_word' id='word_1_29' title='bbox 653 1198 731 1240; x_wconf 89' lang='lat' dir='ltr'>uere</span> <span class='ocrx_word' id='word_1_30' title='bbox 754 1174 948 1257; x_wconf 83' lang='lat' dir='ltr'>dissentire,</span> <span class='ocrx_word' id='word_1_31' title='bbox 972 1177 1029 1240; x_wconf 90' lang='lat' dir='ltr'>sed</span> <span class='ocrx_word' id='word_1_32' title='bbox 1052 1199 1110 1261; x_wconf 90' lang='lat' dir='ltr'>pro</span> <span class='ocrx_word' id='word_1_33' title='bbox 1134 1176 1269 1241; x_wconf 90' lang='lat' dir='ltr'>consilio</span> <span class='ocrx_word' id='word_1_34' title='bbox 1293 1200 1351 1241; x_wconf 91' lang='lat' dir='ltr'>suo</span> <span class='ocrx_word' id='word_1_35' title='bbox 1373 1186 1552 1264; x_wconf 90' lang='lat' dir='ltr'>utrumque</span> 
     </span>
     <span class='ocr_line' id='line_1_6' title="bbox 433 1277 1552 1364; baseline 0.001 -23"><span class='ocrx_word' id='word_1_36' title='bbox 433 1278 520 1364; x_wconf 91' lang='lat' dir='ltr'>quod</span> <span class='ocrx_word' id='word_1_37' title='bbox 548 1279 577 1341; x_wconf 91' lang='lat' dir='ltr'>ei</span> <span class='ocrx_word' id='word_1_38' title='bbox 605 1301 671 1343; x_wconf 91' lang='lat' dir='ltr'>non</span> <span class='ocrx_word' id='word_1_39' title='bbox 698 1277 919 1341; x_wconf 87' lang='lat' dir='ltr'>necessarium</span> <span class='ocrx_word' id='word_1_40' title='bbox 947 1277 1053 1341; x_wconf 91' lang='lat' dir='ltr'>uisum</span> <span class='ocrx_word' id='word_1_41' title='bbox 1081 1288 1132 1342; x_wconf 90' lang='lat' dir='ltr'>est</span> <span class='ocrx_word' id='word_1_42' title='bbox 1155 1278 1317 1361; x_wconf 80' lang='lat' dir='ltr'>omisissc3</span> <span class='ocrx_word' id='word_1_43' title='bbox 1348 1278 1382 1342; x_wconf 94' lang='lat' dir='ltr'>id</span> <span class='ocrx_word' id='word_1_44' title='bbox 1405 1278 1493 1363; x_wconf 91' lang='lat' dir='ltr'>qnod</span> <span class='ocrx_word' id='word_1_45' title='bbox 1517 1280 1552 1342; x_wconf 92' lang='lat' dir='ltr'>in</span> 
     </span>
     <span class='ocr_line' id='line_1_7' title="bbox 431 1379 1551 1465; baseline 0.001 -22"><span class='ocrx_word' id='word_1_46' title='bbox 431 1379 533 1445; x_wconf 86' lang='lat' dir='ltr'>Probi</span> <span class='ocrx_word' id='word_1_47' title='bbox 547 1381 669 1462; x_wconf 89' lang='lat' dir='ltr'>uerbis,</span> <span class='ocrx_word' id='word_1_48' title='bbox 685 1390 722 1445; x_wconf 90' lang='lat' dir='ltr'>ut</span> <span class='ocrx_word' id='word_1_49' title='bbox 744 1380 800 1465; x_wconf 91' lang='lat' dir='ltr'>qui</span> <span class='ocrx_word' id='word_1_50' title='bbox 822 1402 890 1443; x_wconf 92' lang='lat' dir='ltr'>rem</span> <span class='ocrx_word' id='word_1_51' title='bbox 913 1379 1097 1463; x_wconf 90' lang='lat' dir='ltr'>grauiorem</span> <span class='ocrx_word' id='word_1_52' title='bbox 1120 1380 1278 1462; x_wconf 90' lang='lat' dir='ltr'>omiserit,</span> <span class='ocrx_word' id='word_1_53' title='bbox 1301 1379 1457 1444; x_wconf 89' lang='lat' dir='ltr'>leuiorem</span> <span class='ocrx_word' id='word_1_54' title='bbox 1478 1391 1551 1444; x_wconf 89' lang='lat' dir='ltr'>tan-</span> 
     </span>
     <span class='ocr_line' id='line_1_8' title="bbox 431 1481 1550 1567; baseline -0.001 -22"><span class='ocrx_word' id='word_1_55' title='bbox 431 1490 500 1545; x_wconf 90' lang='lat' dir='ltr'>tum</span> <span class='ocrx_word' id='word_1_56' title='bbox 530 1481 806 1563; x_wconf 89' lang='lat' dir='ltr'>commemorarit,</span> <span class='ocrx_word' id='word_1_57' title='bbox 839 1502 904 1548; x_wconf 89' lang='lat' dir='ltr'>non</span> <span class='ocrx_word' id='word_1_58' title='bbox 931 1481 996 1566; x_wconf 94' lang='lat' dir='ltr'>ipsi</span> <span class='ocrx_word' id='word_1_59' title='bbox 1024 1482 1235 1565; x_wconf 90' lang='lat' dir='ltr'>grammatico</span> <span class='ocrx_word' id='word_1_60' title='bbox 1266 1481 1325 1546; x_wconf 89' lang='lat' dir='ltr'>sed</span> <span class='ocrx_word' id='word_1_61' title='bbox 1347 1482 1550 1567; x_wconf 84' lang='lat' dir='ltr'>excerptoris</span> 
     </span>
     <span class='ocr_line' id='line_1_9' title="bbox 430 1582 1552 1670; baseline 0.001 -24"><span class='ocrx_word' id='word_1_62' title='bbox 430 1582 657 1667; x_wconf 81' lang='lat' dir='ltr'>neglegentiae</span> <span class='ocrx_word' id='word_1_63' title='bbox 679 1582 794 1670; x_wconf 90' lang='lat' dir='ltr'>culpae</span> <span class='ocrx_word' id='word_1_64' title='bbox 826 1583 970 1647; x_wconf 87' lang='lat' dir='ltr'>dandum</span> <span class='ocrx_word' id='word_1_65' title='bbox 1002 1606 1129 1650; x_wconf 92' lang='lat' dir='ltr'>censeo.</span> <span class='ocrx_word' id='word_1_66' title='bbox 1185 1585 1295 1665; x_wconf 80' lang='lat' dir='ltr'>Quum</span> <span class='ocrx_word' id='word_1_67' title='bbox 1328 1606 1406 1649; x_wconf 89' lang='lat' dir='ltr'>uero</span> <span class='ocrx_word' id='word_1_68' title='bbox 1444 1605 1552 1669; x_wconf 86' lang='lat' dir='ltr'>nuper</span> 
     </span>
     <span class='ocr_line' id='line_1_10' title="bbox 432 1684 1552 1772; baseline 0.002 -25"><span class='ocrx_word' id='word_1_69' title='bbox 432 1685 578 1748; x_wconf 88' lang='lat' dir='ltr'>extiterit</span> <span class='ocrx_word' id='word_1_70' title='bbox 600 1686 656 1769; x_wconf 92' lang='lat' dir='ltr'>qui</span> <span class='ocrx_word' id='word_1_71' title='bbox 683 1685 828 1749; x_wconf 90' lang='lat' dir='ltr'><strong>Probum</strong></span> <span class='ocrx_word' id='word_1_72' title='bbox 851 1684 893 1748; x_wconf 89' lang='lat' dir='ltr'>de</span> <span class='ocrx_word' id='word_1_73' title='bbox 915 1685 1072 1772; x_wconf 88' lang='lat' dir='ltr'>Menippo</span> <span class='ocrx_word' id='word_1_74' title='bbox 1096 1686 1226 1771; x_wconf 90' lang='lat' dir='ltr'>quidem</span> <span class='ocrx_word' id='word_1_75' title='bbox 1255 1684 1343 1749; x_wconf 87' lang='lat' dir='ltr'>dicat</span> <span class='ocrx_word' id='word_1_76' title='bbox 1370 1686 1456 1749; x_wconf 88' lang='lat' dir='ltr'>falsa</span> <span class='ocrx_word' id='word_1_77' title='bbox 1476 1708 1552 1749; x_wconf 89' lang='lat' dir='ltr'>nar-</span> 
     </span>
     <span class='ocr_line' id='line_1_11' title="bbox 430 1785 1596 1872; baseline 0.001 -24"><span class='ocrx_word' id='word_1_78' title='bbox 430 1808 521 1868; x_wconf 89' lang='lat' dir='ltr'>rare,</span> <span class='ocrx_word' id='word_1_79' title='bbox 544 1785 585 1849; x_wconf 90' lang='lat' dir='ltr'>de</span> <span class='ocrx_word' id='word_1_80' title='bbox 607 1785 756 1851; x_wconf 88' lang='lat' dir='ltr'>Varrone</span> <span class='ocrx_word' id='word_1_81' title='bbox 779 1795 888 1850; x_wconf 88' lang='lat' dir='ltr'>autem</span> <span class='ocrx_word' id='word_1_82' title='bbox 910 1809 1005 1869; x_wconf 86' lang='lat' dir='ltr'>uera,</span> <span class='ocrx_word' id='word_1_83' title='bbox 1035 1787 1094 1851; x_wconf 92' lang='lat' dir='ltr'>sed</span> <span class='ocrx_word' id='word_1_84' title='bbox 1116 1786 1213 1872; x_wconf 91' lang='lat' dir='ltr'>longe</span> <span class='ocrx_word' id='word_1_85' title='bbox 1241 1787 1336 1853; x_wconf 90' lang='lat' dir='ltr'>aliter</span> <span class='ocrx_word' id='word_1_86' title='bbox 1357 1797 1455 1872; x_wconf 92' lang='lat' dir='ltr'>atque</span> <span class='ocrx_word' id='word_1_87' title='bbox 1477 1786 1552 1850; x_wconf 91' lang='lat' dir='ltr'>fieri</span> <span class='ocrx_word' id='word_1_88' title='bbox 1594 1825 1596 1829; x_wconf 94' lang='lat'>·</span> 
     </span>
     <span class='ocr_line' id='line_1_12' title="bbox 431 1886 1551 1975; baseline 0.001 -25"><span class='ocrx_word' id='word_1_89' title='bbox 431 1886 515 1952; x_wconf 89' lang='lat' dir='ltr'>solet</span> <span class='ocrx_word' id='word_1_90' title='bbox 536 1886 790 1972; x_wconf 88' lang='lat' dir='ltr'>intellegendum</span> <span class='ocrx_word' id='word_1_91' title='bbox 812 1910 900 1971; x_wconf 90' lang='lat' dir='ltr'>esse,</span> <span class='ocrx_word' id='word_1_92' title='bbox 929 1890 976 1953; x_wconf 91' lang='lat' dir='ltr'>ita</span> <span class='ocrx_word' id='word_1_93' title='bbox 998 1911 1114 1975; x_wconf 87' lang='lat' dir='ltr'>nempe</span> <span class='ocrx_word' id='word_1_94' title='bbox 1134 1898 1172 1952; x_wconf 90' lang='lat' dir='ltr'>ut</span> <span class='ocrx_word' id='word_1_95' title='bbox 1193 1888 1262 1953; x_wconf 89' lang='lat' dir='ltr'>sola</span> <span class='ocrx_word' id='word_1_96' title='bbox 1290 1890 1471 1953; x_wconf 88' lang='lat' dir='ltr'>carminum</span> <span class='ocrx_word' id='word_1_97' title='bbox 1493 1911 1551 1951; x_wconf 88' lang='lat' dir='ltr'>ua-</span> 
     </span>
     <span class='ocr_line' id='line_1_13' title="bbox 430 1988 1550 2077; baseline 0.003 -26"><span class='ocrx_word' id='word_1_98' title='bbox 430 1989 546 2053; x_wconf 85' lang='lat' dir='ltr'>rietate</span> <span class='ocrx_word' id='word_1_99' title='bbox 560 1988 741 2053; x_wconf 89' lang='lat' dir='ltr'>Varronem</span> <span class='ocrx_word' id='word_1_100' title='bbox 756 1990 873 2053; x_wconf 87' lang='lat' dir='ltr'>satiras</span> <span class='ocrx_word' id='word_1_101' title='bbox 890 2012 968 2054; x_wconf 88' lang='lat' dir='ltr'>suas</span> <span class='ocrx_word' id='word_1_102' title='bbox 984 1991 1190 2055; x_wconf 83' lang='lat' dir='ltr'>contexuisse</span> <span class='ocrx_word' id='word_1_103' title='bbox 1204 2012 1400 2077; x_wconf 85' lang='lat' dir='ltr'>prosamque</span> <span class='ocrx_word' id='word_1_104' title='bbox 1417 1992 1550 2053; x_wconf 90' lang='lat' dir='ltr'>omnino</span> 
     </span>
     <span class='ocr_line' id='line_1_14' title="bbox 430 2089 1551 2179; baseline 0.002 -26"><span class='ocrx_word' id='word_1_105' title='bbox 430 2092 472 2155; x_wconf 92' lang='lat' dir='ltr'>ab</span> <span class='ocrx_word' id='word_1_106' title='bbox 495 2090 559 2154; x_wconf 93' lang='lat' dir='ltr'>illis</span> <span class='ocrx_word' id='word_1_107' title='bbox 584 2089 724 2155; x_wconf 84' lang='lat' dir='ltr'>alienam</span> <span class='ocrx_word' id='word_1_108' title='bbox 747 2114 819 2156; x_wconf 92' lang='lat' dir='ltr'>esse</span> <span class='ocrx_word' id='word_1_109' title='bbox 841 2092 963 2175; x_wconf 89' lang='lat' dir='ltr'>tradat,</span> <span class='ocrx_word' id='word_1_110' title='bbox 986 2092 1067 2158; x_wconf 90' lang='lat' dir='ltr'>haec</span> <span class='ocrx_word' id='word_1_111' title='bbox 1088 2094 1155 2155; x_wconf 89' lang='lat' dir='ltr'>iam</span> <span class='ocrx_word' id='word_1_112' title='bbox 1177 2092 1327 2179; x_wconf 81' lang='lat' dir='ltr'>quaestio</span> <span class='ocrx_word' id='word_1_113' title='bbox 1350 2092 1551 2177; x_wconf 85' lang='lat' dir='ltr'>grauissima</span> 
     </span>
     <span class='ocr_line' id='line_1_15' title="bbox 430 2194 1549 2280; baseline 0.001 -25"><span class='ocrx_word' id='word_1_114' title='bbox 430 2229 472 2239; x_wconf 87' lang='lat'>--</span> <span class='ocrx_word' id='word_1_115' title='bbox 485 2214 551 2257; x_wconf 92' lang='lat' dir='ltr'>non</span> <span class='ocrx_word' id='word_1_116' title='bbox 573 2203 683 2257; x_wconf 90' lang='lat' dir='ltr'>autem</span> <span class='ocrx_word' id='word_1_117' title='bbox 702 2204 741 2258; x_wconf 92' lang='lat' dir='ltr'>ut</span> <span class='ocrx_word' id='word_1_118' title='bbox 763 2216 857 2280; x_wconf 89' lang='lat' dir='ltr'>spero</span> <span class='ocrx_word' id='word_1_119' title='bbox 882 2194 1081 2259; x_wconf 85' lang='lat' dir='ltr'>difficillima</span> <span class='ocrx_word' id='word_1_120' title='bbox 1094 2232 1137 2241; x_wconf 75' lang='grc'>-</span> <span class='ocrx_word' id='word_1_121' title='bbox 1152 2194 1309 2258; x_wconf 90' lang='lat' dir='ltr'>soluenda</span> <span class='ocrx_word' id='word_1_122' title='bbox 1324 2194 1396 2258; x_wconf 88' lang='lat' dir='ltr'>erit.</span> <span class='ocrx_word' id='word_1_123' title='bbox 1420 2194 1549 2257; x_wconf 85' lang='lat' dir='ltr'>Versus</span> 
     </span>
     <span class='ocr_line' id='line_1_16' title="bbox 431 2294 1550 2381; baseline 0 -24"><span class='ocrx_word' id='word_1_124' title='bbox 431 2295 517 2358; x_wconf 91' lang='lat' dir='ltr'>enim</span> <span class='ocrx_word' id='word_1_125' title='bbox 539 2294 697 2359; x_wconf 84' lang='lat' dir='ltr'>Varronis</span> <span class='ocrx_word' id='word_1_126' title='bbox 727 2296 847 2361; x_wconf 90' lang='lat' dir='ltr'>saturis</span> <span class='ocrx_word' id='word_1_127' title='bbox 876 2298 984 2361; x_wconf 90' lang='lat' dir='ltr'>inesse</span> <span class='ocrx_word' id='word_1_128' title='bbox 1013 2298 1111 2359; x_wconf 91' lang='lat' dir='ltr'>etiam</span> <span class='ocrx_word' id='word_1_129' title='bbox 1140 2298 1168 2360; x_wconf 92' lang='lat' dir='ltr'>si</span> <span class='ocrx_word' id='word_1_130' title='bbox 1195 2295 1268 2381; x_wconf 91' lang='lat' dir='ltr'>quis</span> <span class='ocrx_word' id='word_1_131' title='bbox 1296 2295 1377 2381; x_wconf 90' lang='lat' dir='ltr'>ipsis</span> <span class='ocrx_word' id='word_1_132' title='bbox 1400 2294 1550 2380; x_wconf 90' lang='lat' dir='ltr'>reliquiis</span> 
     </span>
     <span class='ocr_line' id='line_1_17' title="bbox 431 2395 1551 2485; baseline -0.001 -25"><span class='ocrx_word' id='word_1_133' title='bbox 431 2395 597 2461; x_wconf 87' lang='lat' dir='ltr'>diffideret</span> <span class='ocrx_word' id='word_1_134' title='bbox 619 2420 639 2461; x_wconf 88' lang='lat' dir='ltr'>a</span> <span class='ocrx_word' id='word_1_135' title='bbox 654 2396 762 2462; x_wconf 77' lang='lat' dir='ltr'>Gellio</span> <span class='ocrx_word' id='word_1_136' title='bbox 785 2406 895 2462; x_wconf 89' lang='lat' dir='ltr'>tamen</span> <span class='ocrx_word' id='word_1_137' title='bbox 910 2399 1100 2462; x_wconf 84' lang='lat' dir='ltr'>edoceretur</span> <span class='ocrx_word' id='word_1_138' title='bbox 1115 2397 1180 2485; x_wconf 84' lang='lat' dir='ltr'>(VI</span> <span class='ocrx_word' id='word_1_139' title='bbox 1197 2398 1250 2483; x_wconf 82' lang='lat'>16)</span> <span class='ocrx_word' id='word_1_140' title='bbox 1267 2396 1410 2461; x_wconf 90' lang='lat' dir='ltr'>senarios</span> <span class='ocrx_word' id='word_1_141' title='bbox 1434 2418 1551 2460; x_wconf 90' lang='lat' dir='ltr'>earum</span> 
     </span>
     <span class='ocr_line' id='line_1_18' title="bbox 428 2498 1551 2584; baseline 0.001 -23"><span class='ocrx_word' id='word_1_142' title='bbox 428 2508 859 2583; x_wconf 50' lang='lat' dir='ltr'>uersus1commemorante3</span> <span class='ocrx_word' id='word_1_143' title='bbox 889 2498 974 2563; x_wconf 89' lang='lat' dir='ltr'>adde</span> <span class='ocrx_word' id='word_1_144' title='bbox 1001 2499 1144 2563; x_wconf 89' lang='lat' dir='ltr'>Nonium</span> <span class='ocrx_word' id='word_1_145' title='bbox 1166 2520 1197 2584; x_wconf 93' lang='lat' dir='ltr'>p.</span> <span class='ocrx_word' id='word_1_146' title='bbox 1222 2507 1300 2579; x_wconf 83' lang='lat'>503,</span> <span class='ocrx_word' id='word_1_147' title='bbox 1327 2508 1381 2581; x_wconf 81' lang='lat'>133</span> <span class='ocrx_word' id='word_1_148' title='bbox 1412 2506 1463 2566; x_wconf 82' lang='lat'>22.</span> <span class='ocrx_word' id='word_1_149' title='bbox 1502 2498 1551 2562; x_wconf 87' lang='lat' dir='ltr'>At</span> 
     </span>
     <span class='ocr_line' id='line_1_19' title="bbox 430 2598 1550 2687; baseline 0.001 -25"><span class='ocrx_word' id='word_1_150' title='bbox 430 2622 495 2664; x_wconf 92' lang='lat' dir='ltr'>non</span> <span class='ocrx_word' id='word_1_151' title='bbox 517 2600 652 2686; x_wconf 89' lang='lat' dir='ltr'>perinde</span> <span class='ocrx_word' id='word_1_152' title='bbox 676 2600 716 2665; x_wconf 89' lang='lat' dir='ltr'>de</span> <span class='ocrx_word' id='word_1_153' title='bbox 738 2623 836 2686; x_wconf 88' lang='lat' dir='ltr'>prosa</span> <span class='ocrx_word' id='word_1_154' title='bbox 856 2624 984 2687; x_wconf 90' lang='lat' dir='ltr'>quoque</span> <span class='ocrx_word' id='word_1_155' title='bbox 1000 2611 1086 2665; x_wconf 88' lang='lat' dir='ltr'>certo</span> <span class='ocrx_word' id='word_1_156' title='bbox 1102 2600 1301 2681; x_wconf 90' lang='lat' dir='ltr'>testimonio,</span> <span class='ocrx_word' id='word_1_157' title='bbox 1317 2601 1382 2664; x_wconf 92' lang='lat' dir='ltr'>nisi</span> <span class='ocrx_word' id='word_1_158' title='bbox 1397 2601 1441 2663; x_wconf 95' lang='lat' dir='ltr'>sit</span> <span class='ocrx_word' id='word_1_159' title='bbox 1455 2598 1550 2664; x_wconf 89' lang='lat' dir='ltr'>locus</span> 
     </span>
     <span class='ocr_line' id='line_1_20' title="bbox 430 2701 1551 2789; baseline 0 -24"><span class='ocrx_word' id='word_1_160' title='bbox 430 2724 447 2765; x_wconf 92' lang='lat' dir='ltr'>e</span> <span class='ocrx_word' id='word_1_161' title='bbox 470 2702 577 2767; x_wconf 89' lang='lat' dir='ltr'>Probo</span> <span class='ocrx_word' id='word_1_162' title='bbox 600 2702 730 2786; x_wconf 87' lang='lat' dir='ltr'>allatus,</span> <span class='ocrx_word' id='word_1_163' title='bbox 754 2713 894 2767; x_wconf 90' lang='lat' dir='ltr'>constat.</span> <span class='ocrx_word' id='word_1_164' title='bbox 931 2702 1048 2789; x_wconf 89' lang='lat' dir='ltr'>Itaque</span> <span class='ocrx_word' id='word_1_165' title='bbox 1064 2701 1266 2789; x_wconf 85' lang='lat' dir='ltr'>Theophilus</span> <span class='ocrx_word' id='word_1_166' title='bbox 1282 2702 1450 2789; x_wconf 87' lang='lat' dir='ltr'>Roeperus</span> <span class='ocrx_word' id='word_1_167' title='bbox 1474 2723 1551 2765; x_wconf 90' lang='lat' dir='ltr'>cum</span> 
     </span>
     <span class='ocr_line' id='line_1_21' title="bbox 429 2801 1550 2891; baseline -0.003 -23"><span class='ocrx_word' id='word_1_168' title='bbox 429 2826 487 2889; x_wconf 91' lang='lat' dir='ltr'>per</span> <span class='ocrx_word' id='word_1_169' title='bbox 510 2805 638 2869; x_wconf 86' lang='lat' dir='ltr'>aestiua</span> <span class='ocrx_word' id='word_1_170' title='bbox 660 2805 727 2870; x_wconf 87' lang='lat' dir='ltr'>otia</span> <span class='ocrx_word' id='word_1_171' title='bbox 750 2814 935 2869; x_wconf 88' lang='lat' dir='ltr'>saturarum</span> <span class='ocrx_word' id='word_1_172' title='bbox 950 2805 1104 2891; x_wconf 83' lang='lat' dir='ltr'>reliquias</span> <span class='ocrx_word' id='word_1_173' title='bbox 1120 2804 1315 2891; x_wconf 87' lang='lat' dir='ltr'>perlegisset</span> <span class='ocrx_word' id='word_1_174' title='bbox 1329 2813 1425 2890; x_wconf 91' lang='lat' dir='ltr'>atque</span> <span class='ocrx_word' id='word_1_175' title='bbox 1447 2801 1550 2866; x_wconf 90' lang='lat' dir='ltr'>nullis</span> 
     </span>
     <span class='ocr_line' id='line_1_22' title="bbox 430 2903 1549 2991; baseline -0.001 -22"><span class='ocrx_word' id='word_1_176' title='bbox 430 2906 560 2991; x_wconf 91' lang='lat' dir='ltr'>quidem</span> <span class='ocrx_word' id='word_1_177' title='bbox 583 2907 680 2971; x_wconf 87' lang='lat' dir='ltr'>certis</span> <span class='ocrx_word' id='word_1_178' title='bbox 703 2930 781 2971; x_wconf 88' lang='lat' dir='ltr'>usus</span> <span class='ocrx_word' id='word_1_179' title='bbox 812 2907 1012 2991; x_wconf 85' lang='lat' dir='ltr'>argumentis</span> <span class='ocrx_word' id='word_1_180' title='bbox 1041 2908 1098 2971; x_wconf 92' lang='lat' dir='ltr'>sed</span> <span class='ocrx_word' id='word_1_181' title='bbox 1127 2928 1226 2971; x_wconf 91' lang='lat' dir='ltr'>sensu</span> <span class='ocrx_word' id='word_1_182' title='bbox 1255 2905 1398 2991; x_wconf 90' lang='lat' dir='ltr'>quodam</span> <span class='ocrx_word' id='word_1_183' title='bbox 1425 2903 1549 2968; x_wconf 87' lang='lat' dir='ltr'>ductus</span> 
     </span>
     <span class='ocr_line' id='line_1_23' title="bbox 429 3005 1550 3094; baseline -0.003 -23"><span class='ocrx_word' id='word_1_184' title='bbox 429 3007 621 3093; x_wconf 83' lang='lat' dir='ltr'>fragmentis</span> <span class='ocrx_word' id='word_1_185' title='bbox 650 3010 800 3075; x_wconf 90' lang='lat' dir='ltr'>omnibus</span> <span class='ocrx_word' id='word_1_186' title='bbox 827 3033 985 3081; x_wconf 86' lang='lat' dir='ltr'>uersuum</span> <span class='ocrx_word' id='word_1_187' title='bbox 1017 3008 1178 3094; x_wconf 88' lang='lat' dir='ltr'>impressa</span> <span class='ocrx_word' id='word_1_188' title='bbox 1207 3030 1279 3072; x_wconf 90' lang='lat' dir='ltr'>esse</span> <span class='ocrx_word' id='word_1_189' title='bbox 1311 3005 1453 3090; x_wconf 85' lang='lat' dir='ltr'>uestigia</span> <span class='ocrx_word' id='word_1_190' title='bbox 1481 3005 1550 3071; x_wconf 91' lang='lat' dir='ltr'>sibi</span> 
     </span>
     <span class='ocr_line' id='line_1_24' title="bbox 428 3104 1548 3196; baseline -0.001 -25"><span class='ocrx_word' id='word_1_191' title='bbox 428 3110 520 3173; x_wconf 92' lang='lat' dir='ltr'>uisus</span> <span class='ocrx_word' id='word_1_192' title='bbox 538 3118 625 3174; x_wconf 78' lang='lat' dir='ltr'>esset</span> <span class='ocrx_word' id='word_1_193' title='bbox 646 3110 923 3195; x_wconf 88' lang='lat' dir='ltr'>animaduertere,</span> <span class='ocrx_word' id='word_1_194' title='bbox 948 3110 1058 3175; x_wconf 88' lang='lat' dir='ltr'>statim</span> <span class='ocrx_word' id='word_1_195' title='bbox 1081 3110 1250 3196; x_wconf 79' lang='lat' dir='ltr'>‘poetandi</span> <span class='ocrx_word' id='word_1_196' title='bbox 1273 3108 1413 3194; x_wconf 88' lang='lat' dir='ltr'>quadam</span> <span class='ocrx_word' id='word_1_197' title='bbox 1436 3104 1548 3170; x_wconf 79' lang='lat' dir='ltr'>dulce</span> 
     </span>
     <span class='ocr_line' id='line_1_25' title="bbox 430 3209 1550 3298; baseline -0.002 -25"><span class='ocrx_word' id='word_1_198' title='bbox 430 3209 523 3275; x_wconf 85' lang='lat' dir='ltr'>dine’</span> <span class='ocrx_word' id='word_1_199' title='bbox 551 3210 730 3293; x_wconf 90' lang='lat' dir='ltr'>adductus,</span> <span class='ocrx_word' id='word_1_200' title='bbox 764 3221 800 3278; x_wconf 90' lang='lat' dir='ltr'>ut</span> <span class='ocrx_word' id='word_1_201' title='bbox 826 3213 896 3298; x_wconf 91' lang='lat' dir='ltr'>ipse</span> <span class='ocrx_word' id='word_1_202' title='bbox 918 3214 1058 3297; x_wconf 90' lang='lat' dir='ltr'>ingenue</span> <span class='ocrx_word' id='word_1_203' title='bbox 1080 3212 1217 3293; x_wconf 89' lang='lat' dir='ltr'>fatetur,</span> <span class='ocrx_word' id='word_1_204' title='bbox 1250 3232 1365 3275; x_wconf 90' lang='lat' dir='ltr'>uersus</span> <span class='ocrx_word' id='word_1_205' title='bbox 1389 3230 1464 3273; x_wconf 91' lang='lat' dir='ltr'>suos</span> <span class='ocrx_word' id='word_1_206' title='bbox 1487 3230 1550 3293; x_wconf 85' lang='lat' dir='ltr'>per</span> 
     </span>
     <span class='ocr_line' id='line_1_26' title="bbox 429 3307 1547 3400; baseline -0.002 -25"><span class='ocrx_word' id='word_1_207' title='bbox 429 3312 574 3398; x_wconf 89' lang='lat' dir='ltr'>singulas</span> <span class='ocrx_word' id='word_1_208' title='bbox 597 3313 753 3400; x_wconf 88' lang='lat' dir='ltr'>reliquias</span> <span class='ocrx_word' id='word_1_209' title='bbox 775 3314 920 3379; x_wconf 89' lang='lat' dir='ltr'>Varroni</span> <span class='ocrx_word' id='word_1_210' title='bbox 941 3315 1115 3379; x_wconf 89' lang='lat' dir='ltr'>restituere</span> <span class='ocrx_word' id='word_1_211' title='bbox 1144 3336 1319 3398; x_wconf 87' lang='lat' dir='ltr'>aggressus</span> <span class='ocrx_word' id='word_1_212' title='bbox 1343 3320 1392 3375; x_wconf 92' lang='lat' dir='ltr'>est</span> <span class='ocrx_word' id='word_1_213' title='bbox 1416 3307 1547 3395; x_wconf 89' lang='lat' dir='ltr'>(philol.</span> 
     </span>
     <span class='ocr_line' id='line_1_27' title="bbox 428 3411 1548 3501; baseline -0.003 -23"><span class='ocrx_word' id='word_1_214' title='bbox 428 3414 481 3478; x_wconf 94' lang='lat' dir='ltr'>IX</span> <span class='ocrx_word' id='word_1_215' title='bbox 496 3423 558 3485; x_wconf 84' lang='lat'>223</span> <span class='ocrx_word' id='word_1_216' title='bbox 575 3415 661 3501; x_wconf 87' lang='lat' dir='ltr'>sqq.)</span> <span class='ocrx_word' id='word_1_217' title='bbox 676 3415 862 3501; x_wconf 89' lang='lat' dir='ltr'>instititque</span> <span class='ocrx_word' id='word_1_218' title='bbox 886 3416 916 3479; x_wconf 92' lang='lat' dir='ltr'>ei</span> <span class='ocrx_word' id='word_1_219' title='bbox 938 3417 1069 3500; x_wconf 90' lang='lat' dir='ltr'>negotio</span> <span class='ocrx_word' id='word_1_220' title='bbox 1091 3416 1126 3478; x_wconf 90' lang='lat' dir='ltr'>in</span> <span class='ocrx_word' id='word_1_221' title='bbox 1147 3414 1260 3479; x_wconf 91' lang='lat' dir='ltr'>multis</span> <span class='ocrx_word' id='word_1_222' title='bbox 1283 3424 1381 3499; x_wconf 89' lang='lat' dir='ltr'>atque</span> <span class='ocrx_word' id='word_1_223' title='bbox 1404 3411 1548 3498; x_wconf 80' lang='lat' dir='ltr'>copiosis</span> 
     </span>
     <span class='ocr_line' id='line_1_28' title="bbox 428 3511 1548 3604; baseline -0.003 -25"><span class='ocrx_word' id='word_1_224' title='bbox 428 3515 644 3603; x_wconf 88' lang='lat' dir='ltr'>uerbosisque</span> <span class='ocrx_word' id='word_1_225' title='bbox 665 3516 773 3582; x_wconf 90' lang='lat' dir='ltr'>hercle</span> <span class='ocrx_word' id='word_1_226' title='bbox 797 3518 1086 3604; x_wconf 76' lang='lat' dir='ltr'>disputationibus,</span> <span class='ocrx_word' id='word_1_227' title='bbox 1103 3540 1185 3602; x_wconf 90' lang='grc'><strong>111100</strong></span> <span class='ocrx_word' id='word_1_228' title='bbox 1206 3514 1363 3602; x_wconf 92' lang='lat' dir='ltr'>philologi</span> <span class='ocrx_word' id='word_1_229' title='bbox 1384 3511 1464 3578; x_wconf 89' lang='lat' dir='ltr'>noll.</span> <span class='ocrx_word' id='word_1_230' title='bbox 1481 3512 1548 3576; x_wconf 93' lang='lat' dir='ltr'>IX.</span> 
     </span>
     <span class='ocr_line' id='line_1_29' title="bbox 429 3614 1549 3706; baseline -0.001 -26"><span class='ocrx_word' id='word_1_231' title='bbox 429 3617 507 3681; x_wconf 88' lang='lat' dir='ltr'>XV.</span> <span class='ocrx_word' id='word_1_232' title='bbox 530 3617 643 3682; x_wconf 89' lang='lat' dir='ltr'>XVII.</span> <span class='ocrx_word' id='word_1_233' title='bbox 672 3619 794 3683; x_wconf 91' lang='lat' dir='ltr'>XVIII</span> <span class='ocrx_word' id='word_1_234' title='bbox 822 3629 920 3706; x_wconf 89' lang='grc'><strong>0111110</strong></span> <span class='ocrx_word' id='word_1_235' title='bbox 947 3618 1198 3705; x_wconf 87' lang='lat' dir='ltr'>programmatis</span> <span class='ocrx_word' id='word_1_236' title='bbox 1229 3614 1484 3683; x_wconf 79' lang='lat' dir='ltr'>Gedanensibus</span> <span class='ocrx_word' id='word_1_237' title='bbox 1515 3625 1549 3679; x_wconf 89' lang='lat' dir='ltr'>et</span> 
     </span>
     <span class='ocr_line' id='line_1_30' title="bbox 429 3717 1547 3792; baseline -0.001 -11"><span class='ocrx_word' id='word_1_238' title='bbox 429 3717 610 3783; x_wconf 82' lang='lat' dir='ltr'>saecularia</span> <span class='ocrx_word' id='word_1_239' title='bbox 642 3720 801 3784; x_wconf 87' lang='lat' dir='ltr'>indicenti</span> <span class='ocrx_word' id='word_1_240' title='bbox 830 3743 860 3783; x_wconf 86' lang='grc'>0.</span> <span class='ocrx_word' id='word_1_241' title='bbox 891 3731 971 3792; x_wconf 75' lang='grc'><strong>1858</strong></span> <span class='ocrx_word' id='word_1_242' title='bbox 1005 3721 1093 3786; x_wconf 87' lang='grc'><strong>011110</strong></span> <span class='ocrx_word' id='word_1_243' title='bbox 1128 3730 1160 3784; x_wconf 89' lang='grc'>01</span> <span class='ocrx_word' id='word_1_244' title='bbox 1189 3717 1362 3783; x_wconf 88' lang='lat' dir='ltr'>annalibus</span> <span class='ocrx_word' id='word_1_245' title='bbox 1390 3739 1420 3781; x_wconf 94' lang='grc'>0.</span> <span class='ocrx_word' id='word_1_246' title='bbox 1451 3726 1547 3787; x_wconf 89' lang='lat'>1858.</span> 
     </span>
     <span class='ocr_line' id='line_1_31' title="bbox 431 3820 1548 3907; baseline -0.006 -19"><span class='ocrx_word' id='word_1_247' title='bbox 431 3829 522 3891; x_wconf 87' lang='grc'><strong>1861.</strong></span> <span class='ocrx_word' id='word_1_248' title='bbox 547 3831 628 3892; x_wconf 84' lang='grc'><strong>1862</strong></span> <span class='ocrx_word' id='word_1_249' title='bbox 656 3822 691 3885; x_wconf 93' lang='lat' dir='ltr'>in</span> <span class='ocrx_word' id='word_1_250' title='bbox 712 3822 879 3907; x_wconf 88' lang='lat' dir='ltr'>publicum</span> <span class='ocrx_word' id='word_1_251' title='bbox 908 3823 1035 3886; x_wconf 90' lang='lat' dir='ltr'>emissis</span> <span class='ocrx_word' id='word_1_252' title='bbox 1064 3824 1281 3885; x_wconf 88' lang='lat' dir='ltr'>continentur.</span> <span class='ocrx_word' id='word_1_253' title='bbox 1334 3820 1442 3900; x_wconf 80' lang='lat' dir='ltr'>Quam</span> <span class='ocrx_word' id='word_1_254' title='bbox 1473 3840 1548 3882; x_wconf 90' lang='lat' dir='ltr'>sen-</span> 
     </span>
     <span class='ocr_line' id='line_1_32' title="bbox 428 3917 1548 4010; baseline -0.004 -23"><span class='ocrx_word' id='word_1_255' title='bbox 428 3924 564 3988; x_wconf 86' lang='lat' dir='ltr'>tentiam</span> <span class='ocrx_word' id='word_1_256' title='bbox 591 3925 742 4010; x_wconf 91' lang='lat' dir='ltr'>quamuis</span> <span class='ocrx_word' id='word_1_257' title='bbox 780 3926 851 4010; x_wconf 91' lang='lat' dir='ltr'>ipse</span> <span class='ocrx_word' id='word_1_258' title='bbox 879 3934 1073 4008; x_wconf 89' lang='lat' dir='ltr'>argumento</span> <span class='ocrx_word' id='word_1_259' title='bbox 1101 3946 1180 3987; x_wconf 91' lang='lat' dir='ltr'>usus</span> <span class='ocrx_word' id='word_1_260' title='bbox 1208 3946 1274 3987; x_wconf 90' lang='grc'><strong>11011</strong></span> <span class='ocrx_word' id='word_1_261' title='bbox 1300 3921 1397 3983; x_wconf 89' lang='lat' dir='ltr'>nimis</span> <span class='ocrx_word' id='word_1_262' title='bbox 1426 3917 1548 4001; x_wconf 91' lang='lat' dir='ltr'>solido,</span> 
     </span>
     <span class='ocr_line' id='line_1_33' title="bbox 428 4020 1549 4111; baseline -0.004 -22"><span class='ocrx_word' id='word_1_263' title='bbox 428 4027 555 4090; x_wconf 90' lang='lat' dir='ltr'>aurium</span> <span class='ocrx_word' id='word_1_264' title='bbox 578 4025 650 4090; x_wconf 89' lang='grc'><strong>11100</strong></span> <span class='ocrx_word' id='word_1_265' title='bbox 673 4026 805 4106; x_wconf 83' lang='lat' dir='ltr'>iudicis,</span> <span class='ocrx_word' id='word_1_266' title='bbox 829 4027 1029 4111; x_wconf 89' lang='lat' dir='ltr'>conceperit,</span> <span class='ocrx_word' id='word_1_267' title='bbox 1051 4047 1128 4089; x_wconf 89' lang='lat' dir='ltr'>mox</span> <span class='ocrx_word' id='word_1_268' title='bbox 1150 4036 1262 4090; x_wconf 91' lang='lat' dir='ltr'>tamen</span> <span class='ocrx_word' id='word_1_269' title='bbox 1285 4033 1317 4087; x_wconf 89' lang='lat' dir='ltr'>et</span> <span class='ocrx_word' id='word_1_270' title='bbox 1340 4020 1488 4086; x_wconf 89' lang='lat' dir='ltr'>Vahleno</span> <span class='ocrx_word' id='word_1_271' title='bbox 1513 4031 1549 4085; x_wconf 86' lang='lat' dir='ltr'>et</span> 
     </span>
     <span class='ocr_line' id='line_1_34' title="bbox 427 4124 1548 4214; baseline -0.004 -23"><span class='ocrx_word' id='word_1_272' title='bbox 427 4128 623 4210; x_wconf 83' lang='lat' dir='ltr'>Ribbeckio,</span> <span class='ocrx_word' id='word_1_273' title='bbox 647 4151 784 4214; x_wconf 89' lang='lat' dir='ltr'>quorum</span> <span class='ocrx_word' id='word_1_274' title='bbox 805 4127 858 4192; x_wconf 90' lang='lat' dir='ltr'>ille</span> <span class='ocrx_word' id='word_1_275' title='bbox 882 4128 916 4191; x_wconf 90' lang='lat' dir='ltr'>in</span> <span class='ocrx_word' id='word_1_276' title='bbox 938 4126 1154 4192; x_wconf 90' lang='lat' dir='ltr'>coniectaneis</span> <span class='ocrx_word' id='word_1_277' title='bbox 1176 4126 1211 4188; x_wconf 93' lang='lat' dir='ltr'>in</span> <span class='ocrx_word' id='word_1_278' title='bbox 1233 4124 1391 4189; x_wconf 86' lang='lat' dir='ltr'>Varronis</span> <span class='ocrx_word' id='word_1_279' title='bbox 1414 4133 1548 4187; x_wconf 89' lang='lat' dir='ltr'>saturas</span> 
     </span>
     <span class='ocr_line' id='line_1_35' title="bbox 427 4225 1547 4317; baseline -0.003 -25"><span class='ocrx_word' id='word_1_280' title='bbox 427 4229 617 4317; x_wconf 88' lang='lat' dir='ltr'>Menippeas</span> <span class='ocrx_word' id='word_1_281' title='bbox 634 4252 663 4294; x_wconf 88' lang='grc'>0.</span> <span class='ocrx_word' id='word_1_282' title='bbox 683 4237 763 4300; x_wconf 85' lang='grc'><strong>1858</strong></span> <span class='ocrx_word' id='word_1_283' title='bbox 780 4230 889 4311; x_wconf 81' lang='lat' dir='ltr'>editis,</span> <span class='ocrx_word' id='word_1_284' title='bbox 903 4230 956 4292; x_wconf 92' lang='lat' dir='ltr'>hio</span> <span class='ocrx_word' id='word_1_285' title='bbox 971 4230 1006 4292; x_wconf 90' lang='lat' dir='ltr'>in</span> <span class='ocrx_word' id='word_1_286' title='bbox 1020 4252 1104 4292; x_wconf 89' lang='lat' dir='ltr'>mus.</span> <span class='ocrx_word' id='word_1_287' title='bbox 1119 4226 1231 4313; x_wconf 88' lang='lat' dir='ltr'>philol.</span> <span class='ocrx_word' id='word_1_288' title='bbox 1248 4225 1333 4290; x_wconf 89' lang='lat' dir='ltr'>XIV</span> <span class='ocrx_word' id='word_1_289' title='bbox 1349 4232 1457 4311; x_wconf 84' lang='lat' dir='ltr'>p.102</span> <span class='ocrx_word' id='word_1_290' title='bbox 1473 4247 1547 4311; x_wconf 90' lang='lat' dir='ltr'>sqq.</span> 
     </span>
     <span class='ocr_line' id='line_1_36' title="bbox 428 4325 1547 4412; baseline -0.005 -17"><span class='ocrx_word' id='word_1_291' title='bbox 428 4333 540 4396; x_wconf 90' lang='lat' dir='ltr'>eodem</span> <span class='ocrx_word' id='word_1_292' title='bbox 562 4334 614 4395; x_wconf 90' lang='lat' dir='ltr'>usi</span> <span class='ocrx_word' id='word_1_293' title='bbox 637 4340 713 4396; x_wconf 87' lang='lat' dir='ltr'>sunt</span> <span class='ocrx_word' id='word_1_294' title='bbox 735 4330 948 4395; x_wconf 85' lang='lat' dir='ltr'>fundamento</span> <span class='ocrx_word' id='word_1_295' title='bbox 965 4332 1022 4395; x_wconf 92' lang='lat' dir='ltr'>sed</span> <span class='ocrx_word' id='word_1_296' title='bbox 1042 4332 1077 4392; x_wconf 91' lang='lat' dir='ltr'>in</span> <span class='ocrx_word' id='word_1_297' title='bbox 1093 4327 1318 4393; x_wconf 89' lang='lat' dir='ltr'>discernendis</span> <span class='ocrx_word' id='word_1_298' title='bbox 1334 4325 1547 4412; x_wconf 88' lang='lat' dir='ltr'>pedestribus</span> 
     </span>
     <span class='ocr_line' id='line_1_37' title="bbox 428 4426 1549 4519; baseline -0.004 -23"><span class='ocrx_word' id='word_1_299' title='bbox 428 4455 447 4496; x_wconf 86' lang='lat' dir='ltr'>a</span> <span class='ocrx_word' id='word_1_300' title='bbox 469 4434 605 4517; x_wconf 90' lang='lat' dir='ltr'>poeticis</span> <span class='ocrx_word' id='word_1_301' title='bbox 628 4434 833 4518; x_wconf 87' lang='lat' dir='ltr'>fragmentis,</span> <span class='ocrx_word' id='word_1_302' title='bbox 856 4456 955 4519; x_wconf 89' lang='lat' dir='ltr'>quam</span> <span class='ocrx_word' id='word_1_303' title='bbox 976 4433 1107 4496; x_wconf 86' lang='lat' dir='ltr'>incertis</span> <span class='ocrx_word' id='word_1_304' title='bbox 1131 4430 1244 4494; x_wconf 86' lang='lat' dir='ltr'>fulcris</span> <span class='ocrx_word' id='word_1_305' title='bbox 1268 4428 1451 4493; x_wconf 88' lang='lat' dir='ltr'>innitantur</span> <span class='ocrx_word' id='word_1_306' title='bbox 1473 4426 1549 4512; x_wconf 90' lang='lat' dir='ltr'>ipse</span> 
     </span>
     <span class='ocr_line' id='line_1_38' title="bbox 427 4526 1549 4621; baseline -0.004 -24"><span class='ocrx_word' id='word_1_307' title='bbox 427 4536 557 4620; x_wconf 87' lang='lat' dir='ltr'>saepius</span> <span class='ocrx_word' id='word_1_308' title='bbox 581 4535 701 4600; x_wconf 90' lang='lat' dir='ltr'>obiecit</span> <span class='ocrx_word' id='word_1_309' title='bbox 724 4535 780 4620; x_wconf 84' lang='lat' dir='ltr'>(cf.</span> <span class='ocrx_word' id='word_1_310' title='bbox 798 4534 974 4621; x_wconf 87' lang='lat' dir='ltr'>praecipue</span> <span class='ocrx_word' id='word_1_311' title='bbox 988 4533 1100 4620; x_wconf 93' lang='lat' dir='ltr'>philol.</span> <span class='ocrx_word' id='word_1_312' title='bbox 1117 4532 1221 4596; x_wconf 91' lang='lat' dir='ltr'>XVII</span> <span class='ocrx_word' id='word_1_313' title='bbox 1236 4540 1276 4600; x_wconf 79' lang='grc'>69</span> <span class='ocrx_word' id='word_1_314' title='bbox 1292 4530 1390 4617; x_wconf 78' lang='lat' dir='ltr'>sqq).</span> <span class='ocrx_word' id='word_1_315' title='bbox 1422 4526 1549 4593; x_wconf 87' lang='lat' dir='ltr'>Postea</span> 
     </span>
     <span class='ocr_line' id='line_1_39' title="bbox 425 4628 1549 4721; baseline -0.004 -20"><span class='ocrx_word' id='word_1_316' title='bbox 425 4659 503 4701; x_wconf 89' lang='lat' dir='ltr'>uero</span> <span class='ocrx_word' id='word_1_317' title='bbox 532 4659 552 4699; x_wconf 88' lang='lat' dir='ltr'>a</span> <span class='ocrx_word' id='word_1_318' title='bbox 579 4636 778 4701; x_wconf 85' lang='lat' dir='ltr'>Buechelero</span> <span class='ocrx_word' id='word_1_319' title='bbox 814 4638 910 4719; x_wconf 87' lang='lat' dir='ltr'>(mus.</span> <span class='ocrx_word' id='word_1_320' title='bbox 938 4634 1048 4721; x_wconf 90' lang='lat' dir='ltr'>philol.</span> <span class='ocrx_word' id='word_1_321' title='bbox 1078 4634 1163 4698; x_wconf 88' lang='lat' dir='ltr'>XIV</span> <span class='ocrx_word' id='word_1_322' title='bbox 1197 4634 1272 4715; x_wconf 79' lang='lat'>419)</span> <span class='ocrx_word' id='word_1_323' title='bbox 1311 4630 1409 4694; x_wconf 87' lang='lat' dir='ltr'>trium</span> <span class='ocrx_word' id='word_1_324' title='bbox 1442 4628 1549 4695; x_wconf 91' lang='lat' dir='ltr'>Probi</span> 
     </span>
    </p>
   </div>
   <div class='ocr_carea' id='block_1_3' title="bbox 0 0 1784 5709">
    <p class='ocr_par' dir='ltr' id='par_1_3' title="bbox 0 0 1784 5709">
     <span class='ocr_line' id='line_1_40' title="bbox 0 0 1784 5709; baseline 0 3"><span class='ocrx_word' id='word_1_325' title='bbox 0 0 1784 5709; x_wconf 95' lang='lat' dir='ltr'> </span> 
     </span>
    </p>
   </div>
  </div>
 </body>
</html>
