3559 5709
747 696 907 755 VARRONIS
1336 688 1397 753 211

282 869 354 928 132.
377 868 415 927 In
436 866 484 927 bis
507 866 675 938 excellere,
700 884 778 945 quae
799 884 889 925 nemo
913 866 1013 937 nouit,
1041 864 1277 962 pulcherrimum
1299 870 1344 923 est
1364 864 1398 922 in

378 952 494 1013 sciente
509 951 695 1011 miraculum.

283 1040 353 1099 133.
379 1038 486 1099 Gloria
502 1046 551 1097 661
566 1037 691 1096 66166116
707 1044 813 1115 stupor
827 1035 1043 1115 ignorantium.

284 1125 355 1183 134.
379 1121 472 1201 Quod
495 1123 739 1201 experimentum
762 1119 880 1193 docuit,
903 1120 1017 1200 scripto
1044 1120 1288 1197 recognoscitur,
1315 1116 1398 1199 quod

378 1227 434 1267 usu
449 1228 513 1268 non
531 1217 577 1267 est
594 1215 791 1286 compertum,
810 1206 977 1285 exscripto
994 1225 1058 1263 non
1075 1213 1122 1264 661
1137 1205 1237 1264 166116.

284 1295 356 1355 135.
380 1291 471 1371 Quod
486 1293 554 1352 fieri
570 1291 661 1352 facile
679 1301 734 1365 est,
753 1290 865 1351 dictum
880 1290 1021 1367 intellegi
1036 1290 1223 1350 facillimum.

284 1380 355 1437 136.
379 1378 451 1438 Non
473 1397 678 1458 quaecunque
700 1378 812 1456 possit,
835 1375 892 1436 sed
914 1395 995 1456 quae
1022 1373 1151 1450 debeat,
1178 1376 1401 1435 demonstrator

378 1461 418 1523 ad
435 1463 662 1543 expositionem
677 1470 831 1523 annectat.

284 1549 355 1607 137.
378 1548 450 1609 Non
464 1557 528 1608 tarn
542 1567 624 1627 qnae
644 1547 779 1627 prosint,
803 1566 895 1627 quam
917 1566 996 1627 quae
1011 1548 1178 1621 attineant,
1201 1546 1400 1607 consideren-

286 1718 357 1777 138.
381 1716 466 1779 Citra
479 1717 702 1799 perfectionem
718 1737 808 1777 omne
824 1726 871 1778 661
885 1717 1080 1798 principium.

285 1804 357 1863 139.
379 1803 468 1865 Vltra
482 1803 645 1863 ueritatem
661 1811 716 1876 661,
735 1803 833 1883 quiin
849 1803 951 1883 planis
969 1804 1088 1883 quaerit
1104 1802 1330 1862 offendiculum.

285 1889 356 1948 140.
381 1888 481 1968 Quum
496 1908 603 1949 uerum
618 1886 767 1949 subdolae
789 1887 944 1948 excedunt
966 1887 1198 1968 disquisitiones
1220 1896 1251 1947 61
1265 1888 1401 1947 intermi-

381 1984 488 2049 natae,
515 1974 707 2047 inefficaces,
736 1974 950 2033 contentiosae
978 1981 1009 2033 et
1030 1974 1076 2032 nil
1095 1974 1292 2052 proficientes
1320 1981 1400 2046 sunt,

381 2058 573 2139 sapientibus
588 2067 651 2119 tum
666 2058 871 2137 pulcherrima
885 2066 957 2117 sunt
971 2058 1155 2138 spectacula.

286 2144 357 2203 141.
382 2142 610 2205 contemnendi
631 2153 702 2203 sunt
722 2142 946 2204 ineruditorum
967 2152 1174 2223 contemptus,
1191 2144 1217 2204 si
1233 2142 1274 2203 ad
1288 2163 1403 2205 summa

380 2230 427 2289 uis
442 2227 599 2309 progredi.
1278 2239 1283 2250 “

286 2313 357 2371 142.
379 2314 469 2374 Multi
484 2312 608 2375 laudem
625 2314 777 2387 amittunt,
791 2313 935 2394 quoniam
951 2314 1011 2394 ipsi
1027 2334 1094 2373 eam
1111 2313 1150 2374 de
1164 2334 1198 2373 se
1210 2313 1403 2394 praedicant.

286 2400 357 2458 143.
381 2400 451 2459 Η66
473 2420 535 2459 uno
555 2398 645 2460 modo
668 2400 794 2480 sapiens
815 2418 849 2459 se
870 2398 990 2474 laudat,
1015 2419 1093 2479 quae
1115 2400 1147 2459 in
1166 2400 1234 2478 ipso
1251 2408 1404 2479 apparent

381 2483 464 2545 bona
478 2486 510 2545 in
527 2485 595 2544 aliis
611 2484 803 2545 admirando.

286 2569 357 2628 144.
380 2569 544 2630 Praeclare
560 2589 628 2629 cum
649 2570 702 2630 1116
727 2571 840 2649 agitur,
865 2570 1004 2650 quinon
1025 2570 1178 2629 mentiens
1202 2568 1289 2643 dicit,
1320 2569 1402 2649 quod

381 2654 419 2713 ab
434 2654 605 2716 Aristotele
620 2675 801 2735 responsum
817 2664 864 2716 661
879 2656 1048 2715 sciscitanti
1062 2653 1252 2728 Alexandro,
1273 2674 1333 2735 quo
1350 2654 1402 2714 do-

383 2747 473 2799 cente
488 2740 682 2820 profiteretur
697 2760 731 2800 66
747 2741 911 2801 scientem:
936 2741 1061 2800 ‘rebus'
1082 2741 1184 2821 inquit
1199 2740 1308 2819 ‘ipsis,
1326 2759 1404 2819 qnae

382 2844 446 2884 non
462 2834 576 2886 norunt
589 2825 735 2885 mentiri.'

286 2909 359 2967 145.
382 2907 534 2971 Prudenti
550 2910 723 2991 disquisitio
739 2911 914 2991 ignotorum
928 2919 1014 2970 tanto
1029 2910 1191 2970 iucundior
1207 2917 1321 2989 quanto
1333 2908 1405 2970 sub·

381 2995 464 3055 tilior
480 3004 536 3055 661.
564 3041 566 3044 v

286 3080 359 3137 146.
382 3079 570 3141 Desiderata
584 3102 647 3141 non
664 3080 769 3141 habita
783 3083 887 3162 magni
902 3082 987 3155 fiunt,
1004 3080 1109 3141 habita
1123 3081 1285 3140 uilescunt.

286 3164 358 3223 147.
381 3165 538 3244 Imperitis
557 3165 760 3245 improbabile
787 3186 882 3246 saepe
903 3187 1037 3249 uerumt
1058 3166 1241 3246 disquirenti
1266 3166 1311 3224 nil
1337 3185 1402 3245 per·
1483 3240 1488 3250 Ι

382 3250 464 3310 fecte
479 3258 593 3310 notum.

286 3334 359 3393 148.
380 3334 522 3410 Auditis,
539 3357 603 3396 non
619 3336 790 3417 disquisitis
806 3336 929 3417 gloriari
944 3338 977 3396 in
993 3337 1079 3396 nullo
1095 3335 1295 3410 laudabilius,
1315 3355 1405 3416 quarn

382 3421 423 3495 61,
448 3440 540 3481 66166
557 3431 738 3482 auenatore
753 3422 809 3482 tibi
826 3422 914 3496 dato,
938 3412 1062 3502 egregie
1078 3443 1097 3482 a
1111 3430 1142 3482 16
1158 3420 1277 3501 aliquid
1294 3422 1405 3481 facturn

376 3510 483 3585 putes.
779 3515 786 3526 '

286 3590 359 3648 149.
383 3590 476 3665 Vtile,
493 3589 764 3671 sed'ingloriosum
779 3602 840 3667 661,
865 3614 903 3653 ex
925 3593 1087 3653 illaborato
1108 3594 1141 3652 in
1163 3592 1282 3653 alienos
1304 3612 1406 3652 succe-

383 3674 456 3736 dere
470 3674 602 3737 labores.

287 3760 358 3819 150.
382 3760 530 3822 Alienum
546 3770 602 3837 661,
620 3762 703 3842 quod
718 3763 850 3824 auditur.

287 3844 360 3903 151.
384 3846 436 3905 Sic
449 3846 645 3921 studendum,
662 3856 697 3907 ut
711 3859 838 3928 propter
853 3847 887 3908 id
901 3857 933 3908 16
949 3858 1040 3929 66166
1056 3857 1172 3910 natum.
1378 3907 1397 3917 -

287 3929 360 3988 152.
384 3930 440 3991 Sui
454 3930 596 3993 dominus
613 3941 674 4008 661,
697 3935 751 4013 qui
772 3954 806 3993 sc
821 3934 1038 4014 philosophias
1053 3935 1255 4015 mancipauit‚
1281 3953 1341 4014 qua
1362 3931 1406 3993 nil

382 4015 564 4092 iucundius,
592 4018 676 4099 quod
697 4037 798 4098 aeque
819 4022 971 4079 incertum
991 4021 1216 4099 inexperienti,
1247 4039 1338 4100 quam
1360 4029 1407 4079 cst

384 4110 502 4163 certum
518 4111 656 4183 experto.
861 4117 864 4121 ’

285 4273 395 4319 torum
412 4268 469 4321 ΑΡ.
487 4295 521 4307 -
561 4273 610 4323 132
628 4271 802 4322 insciente
820 4272 853 4323 A.
871 4296 905 4307 -
948 4274 1080 4325 134non
1098 4277 1304 4342 compertum
1321 4273 1355 4325 A.
1374 4300 1406 4311 -

286 4335 586 4390 montemintelli
616 4338 715 4390 111-
743 4342 792 4391 137
810 4341 944 4405 prosint
962 4341 1050 4395 Paris.
1063 4342 1130 4393 8542
1149 4341 1406 4408 6166661148-

287 4405 338 4453 140
359 4406 374 4469 ξ
393 4411 501 4458 sunts
531 4356 681 4460 6661611.
704 4408 910 4474 6666166616
929 4410 960 4458 P.
984 4435 1019 4445 —
1061 4411 1109 4461 145
1133 4416 1200 4462 tarn
1223 4410 1407 4462 iucundior

286 4486 386 4536 quam
408 4423 573 4526 6611111161
594 4476 651 4530 ΑΡ.
671 4503 702 4514 -
756 4478 804 4527 147
822 4477 999 4543 Imperitis
1022 4515 1049 4531 ..
1071 4494 1185 4529 uerum
1212 4494 1264 4529 om.
1288 4481 1320 4530 A.
1348 4479 1407 4530 sed

284 4540 308 4589 P
327 4541 417 4596 Paris.
444 4558 548 4609 saepe
571 4544 679 4609 scripsi.
698 4570 731 4579 -
757 4544 806 4593 nil
830 4544 1039 4610 disquirenti
1058 4545 1106 4596 nil
1125 4547 1148 4597 A
1167 4548 1258 4598 Paris.
1278 4574 1310 4583 -
1328 4563 1406 4613 per-

286 4607 397 4661 ficere
415 4610 503 4728 AA—
527 4613 599 4663 ·148
623 4628 718 4678 qnam
737 4614 769 4661 in
790 4628 890 4662 ceruo
909 4613 940 4662 A.
962 4640 993 4649 -
1042 4617 1090 4664 152
1114 4630 1212 4679 quam
1231 4619 1284 4667 661
1307 4616 1407 4681 scripsi

286 4692 385 4741 quam
405 4684 438 4729 st
481 4705 539 4733 .-
