3559 5709
740 694 884 753 AGATHO.

713 857 907 925 toarno

762 958 779 1022 Ι
803 957 851 1044 (1)

334 1059 432 1123 Pueri
453 1060 605 1125 obscenis
627 1061 739 1125 uerbis
762 1082 866 1124 nouae
889 1061 1047 1147 nuptulae
1070 1085 1165 1127 aures
1187 1073 1347 1129 returant.

334 1278 438 1363 Virgo
464 1279 504 1343 de
522 1280 678 1345 'conuiuio
702 1279 884 1345 abducatur
905 1280 979 1346 ideo
1003 1282 1091 1368 quod
1106 1284 1244 1347 maiores
1266 1284 1370 1347 nostri
1422 1329 1439 1360 a

244 1380 387 1465 uirginis
410 1382 547 1447 acerbae
570 1381 657 1446 auris
681 1380 821 1445 Veneris
844 1382 1014 1448 uocabulis
1036 1383 1141 1450 imbui
1162 1384 1347 1454 noluerunt.
1434 1385 1440 1399 ’
1468 1427 1471 1434 -

740 1499 794 1565 ΙΙΙ

334 1600 680 1683 Δουλοπρεπέστερον
708 1601 764 1687 qui
797 1500 946 1683 aiiiitaty
974 1602 1138 1667 hominem
1170 1626 1205 1667 se
1238 1604 1368 1668 serutim

858 1702 950 1766 facit.
1384 1722 1402 1779 5

244 1875 389 1924 Mercerus
409 1874 451 1926 ed.
465 1875 530 1924 1583
550 1875 649 1924 effecit
667 1876 768 1924 ‘Varro
786 1874 957 1937 Erratione’;
978 1876 1135 1926 emendauit
1147 1875 1288 1926 Vahlenus
1301 1892 1368 1926 ana-

244 1942 331 1991 lectis
348 1943 483 1992 Nonianis
501 1958 528 2007 p.
541 1944 582 2005 27,
602 1942 650 2006 qui
666 1942 827 1992 Aethrionis
846 1941 1027 1993 Caecilianae
1045 1945 1160 1993 fabulae
1178 1960 1282 1994 memor
1299 1945 1366 2007 Syn-

247 2009 385 2074 ephebum
405 2025 511 2073 quoque
524 2009 655 2060 Varronis
674 2026 688 2059 e
708 2010 814 2059 Caecili
829 2010 1001 2076 Synephebis
1019 2026 1119 2061 nomen
1138 2012 1248 2061 duxisse
1265 2016 1366 2062 monet,

317 2076 467 2127 AGATHO
503 2078 545 2127 De
565 2078 688 2127 Socratis
713 2077 848 2143 discipulo
871 2083 902 2127 ut
924 2079 1102 2143 cogitandum
1125 2080 1163 2129 ait
1187 2084 1295 2145 praeter
1313 2080 1366 2144 frg.

244 2145 286 2193 Vl
309 2146 419 2194 conuiui
446 2146 549 2195 mentio
572 2146 608 2195 ad
630 2146 757 2195 Platonis
781 2148 902 2200 tortasse
927 2147 1068 2211 exemplar
1089 2147 1248 2197 reducenda
1270 2146 1365 2200 efficit.

244 2213 302 2262 Sed
321 2212 356 2262 ad
378 2213 562 2263 Romanorum
585 2214 708 2262 rationes
732 2217 824 2263 omnia
848 2215 987 2264 translata
1010 2230 1071 2265 esse
1095 2216 1238 2264 ‘maiorum
1261 2219 1366 2266 nostro-

244 2285 317 2328 rum'
335 2281 491 2330 institutum
509 2281 562 2346 frg.
575 2282 604 2331 11
621 2286 860 2331 commemoratum
874 2288 903 2331 et
914 2283 1151 2332 Fescenninorum
1168 2298 1294 2333 uersuum
1313 2282 1366 2348 frg.

243 2350 258 2397 Ι
279 2350 412 2398 memoria
435 2348 524 2401 docet,
545 2348 588 2398 Cf.
602 2349 682 2414 proll.
702 2366 727 2415 p.
741 2351 783 2399 36.
828 2350 842 2398 I
859 2350 965 2401 Nonius
985 2352 1072 2413 167,4
1095 2350 1282 2400 ‘Returare
1301 2366 1367 2415 ape-

243 2416 317 2478 rire,
343 2420 439 2466 contra
462 2415 489 2465 id
512 2416 582 2480 quod
608 2417 710 2466 dicitur
733 2420 871 2482 opturare.
911 2420 999 2469 Varro
1022 2417 1169 2483 Agathone
1197 2418 1366 2482 (Agatone

243 2482 358 2546 HLW).
380 2525 386 2537 .
405 2487 423 2536 .’
446 2488 475 2533 et
497 2485 560 2546 356,
580 2487 613 2535 30
637 2484 850 2534 ‘Obscenum
882 2489 925 2535 est
951 2486 1124 2535 immundum.
1171 2485 1311 2550 Vergilius
1333 2513 1367 2552 -ss-

243 2552 335 2601 Varro
358 2551 590 2617 Agathone...’
660 2552 688 2601 ll
714 2554 818 2603 Nonius
845 2555 909 2615 247,
938 2556 969 2603 17
1000 2554 1189 2616 ‘Acerbum,
1219 2554 1364 2613 incoctum,

244 2634 425 2685 praecocum,
455 2624 485 2668 ut
514 2620 547 2669 de
570 2621 659 2685 pomis
683 2621 856 2684 frequentius
879 2621 990 2671 dicitur.
1031 2622 1118 2671 Varro
1148 2622 1176 2669 in
1206 2620 1365 2686 Agathone:

243 2688 344 2752 uirgo.
359 2724 365 2734 .
379 2724 385 2735 .
398 2686 565 2737 noluerunt’.
585 2692 613 2737 et
625 2689 683 2751 521,
702 2689 718 2737 3
737 2688 899 2738 ‘inbuere
919 2688 1086 2739 consuetudo
1104 2688 1235 2738 inducere
1251 2686 1307 2754 [uel
1324 2690 1365 2737 in·

243 2752 341 2819 ficere]
361 2755 514 2819 existimat,
540 2770 601 2805 curn
623 2756 660 2804 sit
681 2756 790 2820 proprie
814 2758 956 2807 maculare
975 2757 1019 2807 uel
1042 2757 1167 2820 polluere
1190 2757 1235 2806 uel
1254 2756 1366 2806 inficere

242 2824 348 2873 Accius
361 2850 392 2858 —
405 2824 492 2873 Varro
504 2824 650 2887 Agathone
668 2822 721 2886 (sic
733 2824 765 2874 Β.
776 2823 931 2889 Agatone
944 2824 1062 2887 HLW):
1082 2824 1144 2873 ideo
1157 2859 1164 2873 .
1178 2864 1184 2876 .
1198 2823 1365 2873 noluerunt'.

244 2890 289 2939 111
313 2891 417 2941 Nonius
436 2892 500 2953 345,
521 2893 533 2939 1
558 2890 696 2953 ‘Meret‚
721 2891 902 2940 humillimum
926 2897 954 2941 et
978 2891 1194 2942 sordidissimum
1221 2896 1364 2955 quaestum

244 2959 332 3022 capit.
358 2960 444 3009 Varro
456 2985 491 2993 —
503 2984 535 2993 —
548 2959 635 3008 Varro
653 2958 813 3023 Agathone:
832 2958 1012 3009 duloreste...
1032 2960 1110 3021 lacit,
1129 2960 1201 3008 unde
1215 2964 1244 3008 et
1261 2974 1364 3008 merce·

399 3064 451 3071 —-

245 3115 346 3170 HLW
363 3115 555 3189 pertimuerint
576 3113 680 3171 Iunius
708 3116 888 3189 praeinnuere
912 3115 1042 3189 Scaliger
1068 3117 1234 3190 pertimuere
1256 3115 1364 3170 Prelle-

242 3216 299 3256 rus
320 3202 338 3255 l.
353 3216 376 3256 e.
394 3217 426 3271 p.
447 3203 504 3255 625.
535 3192 548 3279 ll
578 3199 697 3273 aquatile
727 3200 865 3273 Scaliper.
895 3192 908 3279 Η
938 3201 1080 3257 Iambieos
1106 3202 1288 3271 septenarios
1315 3199 1364 3255 Ia-

242 3288 311 3341 nias
337 3286 483 3341 constituit
510 3276 523 3363 ll
583 3288 596 3338 1
625 3301 694 3358 puer
722 3285 841 3342 obcenos
876 3286 959 3356 Wp.
984 3288 1031 3339 167
1059 3303 1096 3340 m.
1116 3303 1166 3356 pr.
1198 3276 1212 3364 ΙΙ
1240 3301 1312 3340 noue
1335 3283 1366 3338 H

243 3388 282 3425 m.
303 3385 361 3426 sec.
392 3370 430 3425 W
441 3387 474 3441 p.
491 3372 539 3423 167
562 3374 649 3448 nouae
669 3370 691 3423 L
710 3387 743 3441 p.
758 3372 808 3423 357
824 3362 837 3448 ll
857 3377 959 3444 nuptae
975 3370 1029 3424 HL
1047 3387 1078 3441 p.
1097 3373 1143 3424 167
1164 3377 1250 3443 nupta
1279 3369 1317 3423 W
1332 3386 1362 3439 p.

694 3459 708 3487 u

243 3510 294 3559 167
315 3506 429 3579 nuptulo
452 3506 494 3562 W.
506 3522 537 3575 p.
554 3508 604 3558 357
626 3505 745 3578 nuptilae
761 3506 791 3560 L.
804 3522 836 3575 p.
858 3498 936 3583 35711
952 3512 1016 3575 past
1037 3522 1116 3559 aures
1131 3506 1234 3577 lepitur
1249 3504 1364 3559 habeant

242 3590 346 3645 HLW
363 3608 392 3661 p.
410 3592 472 3655 167;
495 3591 634 3645 nonnulla
646 3605 702 3660 per
723 3592 859 3646 lacunam
881 3591 984 3646 obruta
1000 3591 1145 3645 uideatur.
1162 3606 1242 3645 aures
1258 3597 1364 3644 restau-

241 3685 306 3731 rant
328 3675 397 3730 LW
416 3691 447 3745 p.
469 3678 519 3729 357
541 3676 663 3729 reiurant
686 3676 775 3731 Bera.
797 3692 842 3730 aa.
864 3678 913 3729 347
942 3672 1050 3730 Genea.
1075 3692 1107 3745 p.
1130 3677 1189 3729 357.
1234 3674 1364 3730 redurant

241 3768 310 3817 ante
332 3759 497 3815 Mereeram
520 3767 644 3815 returant
666 3759 767 3816 Iunias
787 3763 817 3815 in
840 3778 893 3832 my.
917 3760 1046 3816 obturant
1068 3760 1178 3831 Popma
1206 3752 1220 3837 ΙΙ
1279 3758 1364 3814 2ab·

241 3848 350 3902 dicatur
370 3845 433 3901 edd.
455 3846 521 3901 inde
535 3845 572 3900 ab
596 3845 700 3900 Aldina
728 3840 741 3923 Η
800 3848 815 3898 3
839 3846 953 3901 aeerbrle
981 3846 1003 3899 t
1024 3863 1053 3915 p.
1077 3849 1136 3900 247.
1160 3844 1256 3900 acerbe
1284 3844 1361 3913 Bp.

239 3934 303 3986 521.
334 3928 352 3998 ll
382 3929 511 3986 venereis
527 3930 760 4001 Laurenberaias
784 3917 808 4009 Η
844 3930 920 3985 inbui
948 3930 1023 3984 Lm.
1043 3947 1092 4001 pr.
1115 3937 1237 4000 utroque
1264 3929 1325 3982 loeo
1346 3921 1360 4004 ll

241 4016 393 4072 uoluerunt
408 4014 486 4070 Hm.
500 4032 549 4085 pr.
565 4014 635 4068 LW
642 4031 676 4085 p.
691 4020 752 4068 247.
774 4014 924 4070 noluerunt
939 4016 969 4069 H
983 4032 1018 4068 m.
1035 4030 1090 4069 sec.
1106 4032 1135 4085 p.
1151 4019 1211 4078 247,
1236 4012 1364 4066 BHLW

237 4120 272 4173 p.
294 4102 343 4153 521
376 4091 390 4179 Η
446 4100 624 4155 46ο1οοοοῑο
652 4100 675 4153 L
703 4118 738 4153 m.
763 4115 820 4154 sec.
852 4100 894 4155 W.
918 4098 1056 4155 dolorestc
1078 4099 1102 4153 L
1124 4116 1160 4152 m.
1183 4114 1231 4168 pr.
1277 4096 1360 4152 Varro

239 4185 385 4260 Agathone
409 4178 462 4259 [-
479 4216 521 4223 -
534 4179 683 4261 Pacuuius]
706 4185 848 4240 Duloreste
870 4182 1000 4238 Naelcias
1021 4186 1079 4238 ind.
1096 4185 1158 4238 leet,
1174 4183 1267 4237 Bona.
1284 4183 1361 4237 1822.

240 4266 450 4341 δουλοπρεπώς
479 4270 627 4327 Oeblerus.
673 4262 957 4339 δουλοπρεπέστερον
979 4268 1150 4323 Daebneras
1171 4268 1202 4321 in
1223 4264 1362 4322 ‘Bulletin

239 4353 462 4426 arche'olopique
489 4356 524 4409 de
555 4355 753 4410 l’Athenaeam
772 4353 921 4431 franpais’
948 4357 1012 4407 1855
1033 4369 1063 4423 p.
1089 4356 1136 4404 107
1153 4343 1166 4429 ll
1196 4353 1242 4423 qui
1264 4352 1360 4406 merita

239 4442 315 4498 LW.
339 4434 444 4507 δοῦλος
460 4434 533 4513 ἔρως
555 4432 616 4493 ἐστί
635 4440 746 4511 Popma
762 4440 808 4511 qui
836 4440 944 4494 maritat
971 4438 1077 4491 Faber.
1115 4438 1178 4510 quia
1206 4442 1291 4492 meret
1313 4440 1361 4491 uir

238 4530 351 4583 doctus.
390 4527 436 4597 qui
464 4532 550 4581 meret
571 4525 668 4588 horno,
698 4542 727 4579 se
749 4541 858 4579 seruum
887 4527 934 4578 air
961 4524 1062 4577 doetus
1089 4522 1171 4591 apud
1196 4519 1359 4577 Mercerum

237 4614 284 4667 ed.
302 4614 378 4667 1583.
395 4604 408 4689 ll
438 4611 575 4666 homiuem
591 4619 618 4666 et
640 4626 751 4665 seruum
765 4609 840 4665 LW.
862 4608 999 4663 hominem
1015 4623 1044 4661 se
1067 4623 1177 4663 seruum
1193 4606 1322 4672 Naelcias
1344 4598 1356 4684 ll
