3559 5709
736 752 862 810 CAPV'l
884 754 906 810 ll
1341 749 1384 814 89

258 929 368 984 tatem
389 917 570 983 Varronem
592 938 770 1004 usurpasse
792 915 943 1003 exempla
970 917 1175 985 dubitatione
1201 939 1307 983 uacua
1329 918 1383 984 do-

260 1031 341 1086 cent
362 1021 459 1085 haec:
484 1017 623 1084 deorsum
647 1018 751 1104 (Cane
767 1022 809 1105 c.)
833 1031 866 1086 et
888 1016 1088 1108 trius'OEum.
1105 1019 1173 1106 III)
1196 1031 1229 1086 et
1250 1021 1386 1087 introibit

262 1121 372 1209 (Mod.
397 1122 450 1209 X)
457 1169 467 1203 ‚
497 1143 580 1209 quae
606 1120 655 1185 illi
677 1144 844 1208 nunquam
872 1121 1022 1187 discretis
1051 1121 1220 1187 uocalibus
1243 1124 1384 1189 efferunt

260 1224 327 1312 (ci.
339 1222 538 1288 Ritsehelius
559 1222 707 1310 prolegg.
719 1246 751 1309 p.
770 1223 872 1288 ch.
890 1221 1061 1307 CLXIV);
1081 1224 1254 1304 promisqtie
1270 1226 1383 1312 (Capr.

260 1327 351 1414 pr·)3
370 1323 536 1406 fluctdontt'
555 1325 665 1413 (Eum.
690 1325 833 1411 XLVI);
857 1324 1043 1391 tricliniaria
1064 1325 1142 1411 (Est
1162 1350 1205 1391 m.
1228 1328 1302 1412 m.);
1330 1350 1383 1393 aa·

260 1428 337 1494 re'os
359 1428 498 1514 (Sesq.);
521 1425 623 1492 dorum
647 1417 734 1513 (Ὃν.
757 1424 854 1507 lde).
877 1428 1052 1493 Praeterea
1074 1438 1150 1493 sunt
1171 1450 1279 1515 pauca
1300 1452 1384 1516 quae

261 1531 348 1617 ipsis
371 1529 523 1596 uersibus
545 1530 672 1594 ratione
693 1531 800 1594 minus
824 1529 989 1615 probabili
1011 1530 1208 1597 constructis
1230 1530 1384 1596 uerbisue

260 1632 399 1697 mutatis
423 1631 540 1696 etritari
560 1641 712 1717 possent,
740 1632 775 1696 id
797 1631 886 1717 quod
914 1655 987 1696 oum
1015 1634 1194 1718 synizesim
1220 1631 1275 1697 uel
1302 1633 1384 1697 satis

260 1736 423 1800 audacem
445 1732 669 1820 Plautinisque
691 1734 747 1819 (ef.
773 1733 973 1799 Ritsohelius
999 1735 1145 1819 prolegg.
1171 1757 1204 1819 p.
1229 1734 1382 1818 CLXIV)

259 1836 452 1902 liberiorem
464 1856 537 1900 esse
552 1858 741 1901 concessam
760 1856 799 1899 ea
814 1858 898 1921 quae
910 1837 1079 1922 composui
1090 1835 1266 1918 affirment,
1283 1836 1383 1901 susei-

260 1960 344 2027 pere
371 1937 523 2025 equidem
550 1937 640 2021 nolo;
673 1946 770 2024 suntv
792 1959 875 2023 quae
905 1938 978 2003 dico
1000 1937 1096 2002 haec:
1130 1936 1243 2004 ieiunio
1273 1937 1383 2021 (Eum.

260 2055 684 2145 rv);sau(1sn.xvr);
710 2031 870 2122 astatum
895 2057 994 2140 (iura.
1007 2056 1144 2140 xvim
1169 2057 1274 2123 aereae
1288 2057 1384 2142 (rain.

260 2159 422 2247 XVIH);
460 2157 568 2225 baxeis
597 2157 760 2245 (bereg).
822 2159 1030 2244 Quamquam
1068 2160 1109 2224 de
1144 2160 1195 2223 his
1233 2160 1402 2226 omnibus-

260 2264 305 2328 L.
318 2260 508 2327 Muellerus
537 2269 641 2342 tacet,
675 2262 731 2347 qui
759 2284 791 2347 p.
819 2269 881 2331 426
908 2263 1097 2348 synizeseos
1131 2261 1281 2348 exempla
1301 2262 1384 2326 Var-

259 2366 403 2429 roniana
435 2362 530 2427 affert
563 2363 605 2427 ad
635 2363 800 2449 pedestria
830 2363 1014 2447 fragmenta
1043 2364 1242 2448 pertinentia
1276 2363 1385 2428 omnia

260 2475 396 2554 praeter
417 2470 591 2530 iuuenilitas
607 2463 782 2549 (Tithoe),
803 2465 838 2530 in
860 2487 924 2552 quo
947 2465 1086 2529 duarum
1107 2465 1287 2551 primarum
1309 2487 1384 2530 con-

171 2649 175 2654 ·
259 2568 383 2634 tractio
407 2589 504 2653 quam
525 2566 598 2630 uult
620 2588 684 2653 qua
706 2568 777 2651 lege
800 2567 1000 2653 postuletur,
1024 2588 1097 2630 oum
1120 2566 1384 2653 proceleusmati-

260 2694 321 2737 cus
356 2668 455 2735 simili
483 2668 573 2734 Man.
601 2667 667 2734 XV
693 2692 724 2734 u.
755 2669 956 2756 2exemplo
991 2668 1201 2751 defendatur,
1236 2669 1383 2756 equidem

258 2794 329 2837 non
351 2793 519 2858 assequor.

349 2942 478 3007 Nouam
499 2963 578 3006 uero
602 2950 634 3005 et
656 2962 805 3005 seueram
827 2941 989 3005 rationem
1010 2941 1045 3003 in
1066 2941 1240 3027 positionis
1256 2942 1384 3027 legibus

260 3044 480 3111 obseruandis
501 3044 607 3108 Varro
631 3045 749 3124 tenuit,
780 3044 836 3129 qui
857 3043 919 3107 hac
942 3044 976 3106 in
1002 3064 1037 3107 re
1061 3066 1080 3107 a
1102 3043 1325 3109 scaenicorum
1347 3043 1384 3108 li-

261 3147 372 3213 centia
399 3168 532 3233 prorsus
562 3146 632 3210 fere
661 3145 810 3213 desciuit.
859 3144 945 3209 Nam
968 3156 1000 3209 et
1029 3157 1120 3210 muta
1146 3169 1221 3210 oum
1247 3146 1383 3234 liquida7

260 3271 348 3337 quae
371 3248 461 3335 apud
483 3245 555 3313 illos
579 3245 702 3313 nullam
724 3250 855 3314 omnino
871 3248 946 3311 uim
967 3248 1141 3333 positionis
1163 3247 1279 3330 habet,
1302 3250 1383 3313 Var-

259 3351 337 3416 roni
358 3359 434 3436 post
454 3349 618 3414 Lucilium
638 3349 706 3435 [cf.
730 3351 769 3415 L.
792 3350 969 3415 Muellerus
993 3373 1025 3436 Ρ.
1050 3359 1112 3419 430
1135 3351 1198 3435 sq.)
1222 3348 1384 3435 syllabam

261 3449 513 3539 praecedentem
536 3452 712 3538 ancipitem
734 3451 825 3536 facit)
849 3475 949 3539 quare
966 3452 1068 3538 (quod
1091 3474 1191 3515 unum
1205 3449 1383 3516 Muellerus

242 3540 391 3640 'attufiq
416 3575 524 3633 aprum
547 3544 700 3640 (Ἀνθρ.)
725 3563 757 3617 et
778 3562 872 3619 aitrus
888 3553 993 3641 (Γερ.)
1013 3563 1044 3618 et
1059 3560 1200 3634 replerat
1215 3552 1327 3637 (Mod.)
1352 3565 1384 3620 ct

260 3659 423 3733 refrenato
439 3654 605 3742 (Papiap.)
622 3665 655 3720 et
670 3662 761 3733 niqra
777 3656 918 3741 (Sexag.)
935 3654 1070 3741 syllabis
1086 3654 1255 3741 productis
1271 3654 1384 3740 legun-

261 3767 337 3839 tur,
359 3766 391 3822 et
410 3755 549 3821 aliarum
571 3779 840 3844 quarumcunque
861 3759 1014 3823 binarum
1037 3758 1288 3824 consonantium
1311 3779 1384 3822 con-

262 3880 380 3924 cursus
395 3857 543 3924 uocalem
563 3860 812 3945 praecedentem
827 3860 1008 3948 producere
1025 3882 1090 3924 non
1112 3870 1223 3946 potest
1244 3868 1382 3940 tantum,

261 3961 351 4026 sicut
372 3959 459 4046 apud
480 3958 571 4043 illos,
595 3960 654 4025 sed
677 3962 807 4026 omnino
823 3985 895 4027 eam
918 3963 1007 4046 cogit
1028 3962 1097 4026 fieri
1122 3960 1264 4045 longam.
1299 3961 1384 4024 Nam

262 4084 362 4150 quam
381 4061 550 4149 Roeperus
573 4063 748 4150 praecipue
772 4076 804 4129 et
818 4064 988 4129 Vahlenus
1010 4063 1080 4127 eius
1104 4061 1185 4147 legis
1211 4060 1383 4146 neglegen-

260 4165 345 4231 tiam
359 4162 470 4228 multis
492 4165 572 4231 locis
596 4175 790 4246 statuerunt,
815 4187 853 4229 ea
867 4165 986 4230 nullibi
1001 4165 1144 4252 aliquam
1158 4164 1258 4228 habet
1272 4184 1383 4227 neces-

261 4267 405 4345 sitatem,
424 4266 482 4331 sed
503 4267 631 4353 poetica
654 4268 761 4332 omnia
782 4267 956 4353 positionis
978 4267 1050 4351 lege
1072 4276 1205 4331 seruata
1226 4265 1261 4328 in
1278 4275 1384 4330 metra

261 4390 323 4433 sua
346 4366 468 4454 optime
495 4370 710 4451 conueniunt,
739 4391 839 4455 quare
866 4368 1086 4433 Buechelerus
1114 4368 1136 4432 l.
1160 4389 1188 4431 o.
1210 4390 1243 4453 p.
1266 4375 1328 4437 439
1351 4377 1384 4431 et

260 4470 319 4557 qui
340 4468 430 4534 idem
452 4470 492 4534 de
513 4470 640 4535 Lucilio
664 4493 792 4557 quoque
819 4472 988 4556 praedicat
1009 4470 1048 4534 L.
1069 4468 1249 4534 Muellerus
1271 4492 1304 4554 Ρ.
1321 4478 1383 4540 428

259 4596 335 4638 eam
356 4592 424 4636 non
445 4570 682 4658 neglegendam
711 4595 781 4637 esse
810 4581 899 4637 reete
919 4581 1166 4660 praeceperunt.
1209 4570 1285 4634 Duo
1312 4580 1382 4635 tan-

258 4685 331 4742 tum
352 4676 388 4740 in
411 4674 562 4741 omnibus
593 4673 644 4739 his
667 4674 859 4760 fragmentis
883 4674 1110 4756 inueniuntur,
1133 4695 1217 4761 quae
1239 4671 1383 4758 aliquam
