3559 5709
327 717 369 783 86
796 719 924 777 capvt
955 720 976 776 ll

329 888 497 967 aestimat,
530 884 615 949 male
641 893 749 949 utens.
806 882 868 949 His
901 881 1055 949 uersibus
1087 880 1321 947 Lachmannus
1349 879 1451 945 etiam

305 986 457 1053 'addidit
469 979 560 1050 ”Am
584 970 654 1049 οὗτ.
675 976 744 1066 ‘Hp
768 985 785 1049 Ι
792 1034 801 1068 ,
830 986 887 1071 qui
915 995 967 1050 cst
997 985 1152 1050 sotadeus
1178 982 1270 1048 nulla
1296 982 1450 1047 emenda-

330 1093 419 1155 tione
449 1111 560 1173 egens‚
584 1097 617 1153 et
638 1086 750 1170 rubo.
774 1103 804 1151 σ.
826 1088 894 1153 VII
917 1109 1013 1174 quem
1040 1086 1148 1151 locum
1174 1096 1312 1173 propter
1340 1085 1450 1149 uicina

329 1191 517 1278 anapaestis
541 1190 727 1255 describere
749 1189 860 1269 malui,
884 1189 938 1254 hic
960 1211 1090 1276 quoque
1112 1188 1160 1252 nil
1180 1198 1327 1253 mutans·

414 1293 666 1360 Galliambos
690 1293 789 1357 ctiam
811 1293 919 1358 Varro
943 1293 1010 1357 suis
1033 1292 1112 1357 locis
1134 1294 1273 1357 inseruit
1293 1291 1400 1376 chn.
1422 1290 1449 1355 Ι.

329 1396 425 1460 Eum.
455 1395 592 1459 XXXV
620 1417 667 1481 sq.
704 1395 843 1480 Marcip.
871 1394 970 1478 XVI3
1009 1396 1043 1458 in
1075 1395 1193 1481 quibus
1226 1392 1317 1480 quod
1350 1391 1452 1458 semel

330 1498 510 1577 clausulam
538 1497 677 1562 adhibui
703 1496 862 1561 librorum
895 1496 1022 1561 scilicet
1050 1497 1184 1563 lectioni
1217 1496 1450 1581 obtemperans

331 1602 459 1665 ‘iactant
480 1606 536 1664 tibi
553 1599 558 1686 Ι
575 1601 680 1680 9α11ἱ’,
704 1621 782 1663 sane
804 1598 923 1662 admisi
945 1597 1034 1685 quod
1050 1621 1210 1685 nusquam
1229 1607 1404 1685 praeterea
1418 1596 1452 1661 ni

329 1701 428 1767 fallor
449 1701 588 1786 legitur,
616 1710 654 1765 ut
676 1701 803 1767 duabus
832 1698 971 1787 syllabis
999 1701 1106 1785 longis
1134 1708 1261 1765 constet
1287 1722 1349 1788 pes
1376 1698 1451 1783 ulti-¹

330 1826 413 1869 mus.
459 1803 525 1869 Sed
547 1801 576 1866 si
597 1825 757 1868 memores
781 1824 906 1884 sumus,
928 1801 1026 1867 huius
1048 1802 1154 1890 pedis,
1176 1802 1243 1888 qui,
1267 1800 1295 1866 si
1318 1800 1452 1887 quidem

331 1904 493 1971 anaclasis
528 1905 621 1969 deest
653 1904 740 1990 quod
772 1926 838 1969 non
869 1925 943 1968 raro
975 1904 1030 1986 fit,
1062 1904 1148 1968 hanc
1179 1904 1281 1968 habet
1312 1903 1453 1967 formam

331 2042 350 2060 υ
367 2041 386 2061 ν
402 2007 440 2089 ἐ,
464 2006 610 2093 syllabas
634 2005 718 2071 duas
739 2006 867 2092 priores
891 2004 1057 2091 Catullum
1079 2027 1107 2070 c.
1124 2013 1176 2087 63,
1200 2014 1239 2075 13
1261 2005 1296 2068 in
1318 2003 1453 2089 longam

334 2107 542 2173 contrahere:
567 2110 724 2173 ‘dominae'
742 2129 825 2188 παρα
844 2106 1010 2194 lpecto'ra'
1035 2106 1147 2194 (quam
1161 2106 1322 2173 librorum
1344 2106 1451 2171 lectio·
1507 2133 1508 2138 ¹

333 2233 408 2274 nem
429 2209 578 2275 mutandi
599 2220 732 2296 propter
751 2210 948 2274 sententiam
971 2231 1088 2273 causas
1107 2208 1214 2273 nullas
1235 2208 1365 2293 uideo),
1389 2230 1454 2272 non

333 2335 427 2399 spero
450 2310 709 2393 condemnabor,
738 2312 792 2398 qui
820 2310 1015 2375 solutionem
1040 2309 1188 2375 ultimae.
1203 2309 1333 2376 Catullo
1357 2308 1453 2375 relin-

333 2438 435 2502 quens
460 2414 597 2478 duamm
621 2413 824 2499 syllabarum
838 2412 989 2478 ultimam
1009 2413 1238 2499 praeeuntium
1255 2414 1452 2478 contractio

331 2540 406 2581 ncm
428 2517 499 2580 cius
523 2517 719 2581 auctoritate
740 2516 774 2579 in
796 2516 956 2579 Varronis
978 2537 1077 2579 uersu
1099 2512 1251 2578 defendo.

309 2605 312 2610 ’
418 2617 606 2682 Creticus
630 2616 748 2681 deinde
762 2616 928 2682 nonnullis
950 2616 1029 2682 locis
1050 2616 1271 2703 inuenimus¹)
1291 2614 1454 2682 bacchi·

332 2740 446 2805 osque
472 2740 600 2801 uersus,
624 2717 680 2804 qui
710 2739 784 2783 cum
805 2720 840 2783 in
861 2718 1066 2784 Parmenone
1093 2717 1286 2803 fragmentis
1310 2717 1399 2783 inter
1420 2741 1454 2783 se

334 2821 449 2887 eodem
477 2819 665 2886 caedendae
692 2820 796 2885 siluae
826 2832 1018 2906 argumento
1049 2820 1301 2886 cohaerentibus
1331 2820 1455 2886 seruati

334 2924 398 2989 sint
426 2923 494 3009 (fg.
517 2922 690 2989 lV-Vll
711 2924 872 3007 bacchds,
911 2922 1105 2989 VIII-IX
1138 2921 1267 2986 creticis
1300 2922 1453 2988 uersibus

334 3026 511 3110 constant),
534 3036 724 3090 nontamen
745 3026 843 3091 etiam
865 3048 932 3091 uno
954 3024 1133 3112 eodemque
1156 3025 1226 3089 loco
1247 3042 1283 3087 π.
1298 3017 1389 3107 ἑξάγ.
1406 3023 1454 3089 IV

334 3127 505 3211 leguntur,
529 3148 625 3212 quem
647 3149 721 3191 cum
741 3127 886 3193 bacchiis
908 3128 1058 3213 incipere
1086 3128 1256 3207 ‘quemnam
1277 3138 1306 3191 te
1326 3148 1391 3192 esse
1412 3128 1456 3191 di-

335 3234 414 3293 cam'
438 3251 509 3314 sqq.
539 3228 697 3293 Enniana
713 3230 852 3295 imitatio
877 3230 924 3315 (u.
952 3219 1063 3294 adnot.
1085 3229 1129 3293 ad
1150 3228 1183 3293 h.
1205 3227 1242 3311 l.)
1266 3238 1381 3315 aperte
1402 3229 1455 3293 do-

335 3340 423 3413 ceat,
447 3352 512 3394 non
539 3350 620 3416 opus
649 3340 700 3395 est
728 3352 800 3394 cum
822 3331 1009 3398 Ribbeckio
1037 3332 1073 3395 in
1099 3330 1207 3395 media
1228 3330 1394 3395 sententia
1415 3330 1457 3395 ad

336 3432 473 3498 creticos
511 3442 646 3517 repente
678 3434 836 3515 transire,
876 3434 936 3498 sed
969 3442 1085 3519 sponte
1118 3432 1278 3499 octonarii
1311 3431 1458 3497 euadunt

335 3535 516 3598 bacchiaci.
549 3534 730 3628 liberrime
753 3544 863 3599 autem
884 3536 919 3599 in
939 3534 991 3599 his
1012 3535 1164 3601 uersibus
1187 3534 1338 3601 breuium
1359 3533 1457 3621 sylla·

334 3636 451 3700 barum
472 3634 687 3721 productione
707 3636 943 3722 longarumque
963 3636 999 3700 in
1026 3637 1108 3701 duas
1130 3638 1235 3701 utitur
1256 3634 1430 3702 solutione.

419 3736 572 3821 Denique
593 3737 693 3804 uerbo
716 3738 1001 3803 commemoranda
1016 3749 1093 3804 sunt
1106 3747 1213 3803 metra·
1225 3748 1304 3803 tunc
1326 3738 1459 3802 demum

336 3840 460 3902 Romae
483 3836 625 3921 exculta,
641 3862 778 3926 quorum
794 3840 905 3905 nescio
928 3863 971 3904 an
992 3841 1065 3927 ipse
1079 3842 1185 3905 Varro
1200 3838 1326 3927 primus
1343 3849 1460 3905 auctor

336 3940 453 4006 fucrit:
491 3940 730 4026 glyconeum
767 3941 973 4027 (Pseudaen.
1010 3943 1090 4028 fg.)‚
1135 3941 1459 4007 choriambicum

336 4044 434 4107 trium
463 4043 583 4128 pedum
610 4066 683 4107 cum
710 4043 858 4108 clausula
884 4043 1026 4108 iambica
1054 4043 1166 4131 (Sesq.
1188 4042 1264 4129 VI),
1292 4043 1459 4128 phalae-

338 4145 439 4209 cium
462 4144 619 4231 (Endym.
642 4145 721 4210 Vll.
744 4145 838 4229 Virg.
862 4144 930 4209 diu.
954 4144 1126 4231 II—V²)).
1178 4144 1306 4227 Quibus
1336 4168 1356 4209 e
1383 4168 1460 4211 con-

425 4395 538 4469 1)”Εχω
557 4417 587 4453 σε
607 4404 657 4453 IIl.
677 4403 755 4466 Sesq.
774 4402 853 4452 XXII
872 4417 914 4466 sq.
934 4403 973 4468 fg.
993 4404 1047 4452 inc.
1066 4404 1100 4453 V.
1144 4452 1147 4459 ,

423 4486 449 4550 2)
468 4489 537 4537 Nam
565 4489 635 4537 Bim.
659 4489 709 4537 XX
738 4487 810 4552 quod
838 4488 912 4538 inter
937 4488 1189 4551 hendecasyllabos
1212 4490 1354 4537 numerari
1377 4489 1462 4553 solet,

250 4587 254 4593 ’
337 4576 448 4635 propter
471 4573 620 4623 cohaerens
644 4574 681 4639 fg.
706 4574 771 4622 XXI
792 4588 888 4623 uersus
920 4573 1057 4623 trochaici
1084 4573 1237 4637 septenarii
1263 4578 1373 4639 partem
1397 4590 1462 4626 esse

338 4655 432 4705 malui.
