3559 5709
345 697 408 762 238
722 700 756 755 Μ.
772 697 911 755 aarum
927 695 1088 753 VARRONIS

346 888 431 946 nam,
454 863 598 928 medium
621 857 738 944 πέψιος
760 882 883 925 nouum
910 858 1122 943 refrigerare,
1151 865 1249 921 uetus
1273 853 1441 933 calefacere,

270 992 274 1009 ⁴
346 966 490 1031 medium
512 987 583 1031 csse
605 964 778 1051 prandium
800 961 975 1026 caninum?

561 1110 564 1114 ’
647 1133 713 1198 ux
733 1130 947 1197 rucuarrs
969 1126 1163 1192 saurais

431 1336 546 1422 Capite
567 1333 741 1421 permulsa.
861 1230 879 1339 I*
903 1231 951 1315 (l)

836 1449 902 1532 †11
925 1448 974 1534 (8)

433 1554 621 1635 Quidmihi
644 1574 769 1633 somno,
782 1544 822 1616 ‘si
844 1549 1000 1616 dormitio
1021 1549 1167 1614 tollitur?
1203 1573 1217 1582 *

858 1669 945 1752 ΗΠ

310 1795 329 1853 5
432 1775 520 1856 Quid
549 1774 688 1838 mirum?
720 1795 762 1837 ex
784 1772 855 1856 agri
878 1758 1132 1858 depolitionibus
1155 1768 1338 1850 eiciuntur,
1362 1768 1418 1833 bic
1437 1769 1469 1830 iu

346 1875 499 1942 cenaculo
523 1874 624 1962 polito
646 1873 858 1960 recipiuntur.
1261 1870 1263 1874 ’

431 2093 552 2159 Hercle
575 2094 603 2158 si
623 2087 697 2158 iam
710 2094 745 2157 in
768 2093 892 2177 regiam
915 2114 1025 2157 arcam
1047 2092 1282 2177 inpancrarunt
1308 2128 1359 2152 -.

871 2210 933 2294 'r‘V

874 2311 1046 2376 Trisulcac
1068 2311 1155 2374 fores

430 2415 576 2480 Pessulis
598 2414 758 2480 liberatae
780 2412 952 2478 dehiscunt
972 2435 1109 2499 graues,

276 2618 285 2637 .
347 2603 426 2652 quam
444 2614 476 2622 —
490 2614 521 2623 —
535 2614 568 2622 -
586 2587 758 2636 ‘caninum
777 2584 954 2650 prandium
974 2585 1002 2632 in
1019 2584 1070 2634 hoc
1088 2584 1150 2635 loco
1162 2584 1272 2648 -quid
1292 2585 1472 2650 fignificat?

348 2683 378 2690 -
398 2657 466 2705 Eius
485 2659 576 2704 autem
595 2655 651 2704 loci
669 2655 697 2702 iu
720 2668 773 2718 quo
796 2653 824 2702 id
846 2653 1021 2717 prouerbium
1044 2655 1086 2701 est
1103 2653 1191 2702 uerba
1213 2652 1285 2722 baec
1309 2659 1390 2702 sunt:
1410 2669 1472 2703 non

347 2723 511 2774 uides
532 2723 696 2771 caninum.
715 2720 915 2770 -Prandium
940 2724 1031 2769 autem
1056 2721 1235 2784 abstemium,
1261 2722 1292 2768 in
1320 2736 1376 2785 quo
1404 2721 1472 2770 nihil

347 2793 472 2855 potatur,
492 2791 621 2839 caninum
640 2789 754 2853 dicitur,
778 2788 909 2868 quoniam
928 2788 1006 2837 canis
1024 2788 1088 2837 uino
1108 2791 1206 2837 caret’
1243 2787 1287 2839 ef.
1307 2789 1472 2840 Athenaeus

347 2857 484 2924 1,p.3ad
514 2856 701 2924 ’Μνησίθεος
731 2848 762 2907 d'
786 2848 1093 2922 οᾍθηοαῖός-φηοιν
1122 2849 1153 2906 ‘d
1182 2849 1269 2920 alluo
1300 2849 1384 2914 οἶνός
1415 2850 1471 2908 ἐστι

347 2919 590 2990 θρεπτικώτατος,
609 2915 624 2975 ὁ
644 2919 676 2975 δὲ
695 2918 795 2982 λευκὸς
812 2913 1037 2988 οὐρητικώτατος
1054 2921 1103 2974 καὶ
1121 2919 1302 2987 λεπτότατος,
1322 2916 1338 2974 ὁ
1358 2920 1394 2976 δὲ
1413 2943 1471 2988 κιρ·

347 2988 394 3057 ρὸς
413 2990 497 3057 ξηρὸς
512 2991 564 3051 ,καὶ
583 2990 639 3043 τῶν
657 2990 754 3043 σιτίων
771 2985 1009 3055 πεπτικώτερος.”

416 3062 464 3109 EX
483 3060 652 3110 lNOERTlS
671 3059 829 3111 SATVRIS.
871 3059 885 3108 I
904 3059 1061 3108 Priscianus
1074 3059 1112 3108 IX
1125 3075 1152 3124 p.
1163 3060 1223 3120 487,
1240 3060 1257 3107 4
1282 3059 1387 3110 ‘Mulsi
1405 3060 1470 3109 mul-

347 3144 406 3177 sum
431 3134 459 3176 et
481 3128 624 3179 mulctum:
649 3127 798 3177 Sallustius
821 3153 852 3161 -
875 3129 964 3177 Varro
987 3128 1017 3192 in
1040 3130 1136 3176 satura
1159 3124 1296 3191 (satyra
1318 3128 1385 3178 Par.
1406 3130 1470 3179 7496

346 3212 381 3244 m.
400 3211 422 3246 s.
441 3196 550 3244 satira
572 3195 669 3244 Bemb.
693 3210 728 3244 m.
752 3210 773 3244 s.
794 3196 826 3242 in
850 3200 970 3244 satura
993 3210 1044 3243 om.
1070 3193 1240 3259 S'ang.)...’
1311 3196 1340 3244 11
1364 3197 1469 3246 Nonius

349 3265 442 3319 100‚1
473 3263 665 3313 ‘Dormitio
706 3264 795 3312 Varro
819 3262 953 3328 Sexegesi
975 3263 1063 3311 -Et
1086 3262 1222 3312 alioloco
1246 3262 1319 3312 idem
1343 3261 1397 3326 (id
1421 3270 1470 3313 est

346 3331 393 3379 BL
413 3347 447 3378 nr.
466 3329 518 3398 pr.)
576 3334 593 3379 .’
628 3330 670 3380 Ad
693 3329 878 3394 Endymiones
902 3329 1044 3382 Vahlenus
1070 3331 1143 3380 anal.
1167 3331 1235 3380 Non.
1261 3348 1288 3395 p,
1313 3333 1347 3380 34
1380 3332 1469 3382 locum

346 3398 462 3449 rettulit.
514 3399 557 3448 III
574 3398 678 3447 Nonius
696 3399 738 3461 66,
757 3400 790 3448 23
808 3396 1033 3461 ‘Politioncs,
1053 3414 1180 3464 agrorum
1199 3398 1288 3448 cultus
1307 3398 1469 3464 diligentes,

346 3471 376 3515 ut
394 3466 480 3530 polita
504 3466 595 3516 omnia
618 3467 734 3516 dicimus
758 3466 878 3515 exculta·
893 3470 921 3516 et
945 3467 979 3515 ad
1003 3466 1119 3515 nitorem
1144 3467 1272 3516 deducta.
1309 3468 1420 3517 Ennius
1437 3495 1470 3502 —

346 3534 511 3587 Varro..)
547 3535 643 3597 Neque
665 3533 711 3582 hic
733 3532 811 3584 locus
834 3534 904 3582 alibi
927 3548 1007 3597 quam
1031 3534 1060 3582 in
1082 3535 1184 3583 saturis
1208 3535 1338 3583 extitisse
1369 3541 1468 3600 potest

346 3600 384 3649 IV
407 3601 512 3650 Nonius
535 3603 581 3661 59,
601 3603 634 3650 20
667 3603 895 3665 ‘Inpancrare
926 3606 969 3651 est
999 3602 1146 3663 inuadere3
1177 3603 1291 3651 uerbum
1320 3618 1337 3652 s
1365 3618 1470 3668 gracco

346 3672 475 3730 tractum,
494 3669 574 3732 quasi
591 3667 650 3718 πᾶν
668 3665 753 3732 κρέας
771 3684 941 3721 consumere.
964 3671 1053 3720 Varro
1067 3669 1214 3720 ecclesiam
1228 3672 1267 3720 in’
1281 3687 1339 3735 sqq.
1359 3673 1470 3722 Varro

346 3734 524 3784 Ecclesia:
542 3735 575 3783 in
594 3734 732 3802 Scaliger3
751 3737 786 3786 cf.
801 3737 924 3802 prolegg.
938 3754 964 3802 p.
977 3739 1020 3788 43.
1067 3740 1091 3787 V
1110 3738 1221 3788 Seruius
1234 3740 1263 3787 in
1275 3740 1360 3804 Verg.
1374 3740 1470 3791 Aen.I

345 3805 396 3853 448
415 3803 580 3866 ‘Naxosque
605 3819 668 3854 aere
692 3802 795 3869 trabes]
820 3805 901 3854 Multi
925 3805 1024 3855 nixae
1049 3805 1156 3870 legunt.
1180 3822 1235 3856 non
1258 3822 1362 3870 nexae,
1391 3808 1469 3856 iuxta

345 4014 435 4068 celari
448 4003 463 4092 Η
498 4014 511 4064 1
527 4021 637 4088 neustr
656 4012 734 4070 Voss.
752 4013 817 4068 min.
829 4012 918 4086 Mayl.
941 4022 1035 4086 πψειν
1051 4013 1121 4070 Thu.
1138 4015 1251 4088 pepsein
1263 4014 1325 4073 Pel.
1342 4009 1383 4071 of
1399 4014 1469 4088 Ray.

346 4114 453 4169 πεγειν
473 4097 551 4154 Vara.
567 4099 632 4153 mai.
648 4091 663 4177 ll
685 4097 822 4154 Senarios
834 4098 985 4170 Bosporus
995 4100 1067 4170 pail.
1081 4100 1111 4155 lX
1122 4103 1173 4154 246
1187 4102 1277 4156 uoluit
1300 4095 1313 4178 ll
1360 4105 1378 4153 4
1391 4101 1435 4174 [9.
1450 4101 1470 4156 ll

346 4188 423 4238 recle
438 4189 521 4239 catut
532 4183 632 4239 HLW
643 4175 656 4261 ll
691 4187 707 4236 5
723 4185 820 4239 mirum
837 4186 859 4238 si
876 4201 908 4240 ex
923 4185 1029 4241 Aldina
1044 4185 1140 4240 mirum
1157 4202 1188 4240 er
1200 4179 1319 4260 HLWll
1342 4190 1358 4237 7
1376 4187 1470 4243 hercle

347 4269 370 4323 si
386 4269 438 4323 iarn
458 4270 564 4340 scripsi
596 4268 682 4324 ercles
705 4267 756 4324 iam
786 4268 930 4324 Vatrenus
950 4287 997 4326 an.
1020 4270 1176 4340 Norunt)
1207 4269 1349 4325 ecclesiam
1372 4271 1472 4326 HLW

347 4353 416 4407 Par.
432 4355 498 4416 7667
527 4354 646 4409 eculina
665 4353 726 4409 carl.
749 4353 840 4408 Fabri
867 4354 1002 4410 Ecclesia:
1019 4354 1145 4425 Scaliyer
1158 4345 1173 4433 Η
1187 4371 1275 4410 arcem
1296 4355 1359 4409 cod.
1377 4357 1472 4412 Fabri

348 4454 435 4492 aream
452 4439 557 4493 Aldina
579 4445 680 4493 arctam
699 4438 848 4494 Turnebus
863 4430 876 4516 ll
892 4440 1094 4512 impaucrantur
1109 4441 1225 4509 quidam
1241 4456 1290 4510 ap.
1308 4438 1470 4496 Benlinum

348 4524 524 4588 inpancratur
546 4525 589 4578 ed.
613 4526 677 4578 1483
713 4525 955 4597 impanoratiaruul
970 4525 1017 4579 uel
1052 4525 1259 4597 inrpaucratiant
1281 4512 1432 4582 Veliensis
1455 4522 1469 4604 ΙΙ

348 4608 364 4658 9
386 4608 501 4679 pessuli⁵
526 4607 638 4664 libratae
665 4606 846 4664 Casuellanus
869 4608 967 4671 Serui,
994 4609 1045 4680 qui
1068 4611 1145 4665 solus
1166 4610 1220 4665 Ιιοο
1239 4608 1282 4681 sy.
1302 4613 1433 4669 continet
1457 4606 1470 4693 l,
