3559 5709
339 727 381 790 46
817 731 979 787 satvr!

308 887 316 898 ”
340 896 461 978 Georg.
486 894 519 958 ΙΙ
543 902 604 964 336
627 893 808 959 Varronem
830 893 926 956 affert
954 897 1001 956 ‘tu
1021 903 1131 956 satura
1151 912 1229 970 quae
1249 898 1396 957 scribitur
1418 900 1453 956 cte

339 1002 461 1073 salute,
485 1019 582 1083 quam
596 995 764 1059 Vahlenus
788 1004 898 1080 p.197
922 992 1059 1058 eandem
1082 994 1162 1058 dicit
1184 1003 1282 1079 atque
1304 994 1453 1057 Manium

340 1107 503 1180 saturam,
533 1108 706 1184 propterea
734 1098 822 1183 quod
851 1106 884 1161 et
906 1096 1009 1160 Manii
1032 1105 1122 1160 extet
1144 1095 1366 1179 fragmentum
1389 1100 1455 1160 ‘nec

341 1210 431 1264 notus
451 1211 494 1263 est
509 1222 564 1264 nec
579 1206 735 1264 morietur’
759 1208 791 1263 ot
812 1200 848 1261 in
869 1198 925 1261 iila
948 1205 1061 1262 satura
1082 1204 1235 1263 ‘mundum
1250 1203 1337 1262 hand
1349 1210 1454 1262 natum

341 1322 403 1365 esse
418 1323 513 1381 neque
523 1308 612 1366 mori'
625 1302 733 1365 Varro
749 1300 949 1382 narrauerit3
965 1322 1065 1384 quare
1077 1302 1288 1385 (quamquam
1303 1300 1456 1364 dubitan-

339 1404 403 1487 ter)
412 1402 521 1467 Manio
534 1402 687 1467 adiunxit
699 1398 775 1483 aspi
790 1404 965 1484 σωτηρίας,
978 1399 1065 1485 quod
1077 1400 1307 1488 Philargyrum
1317 1400 1456 1465 latinum

339 1513 435 1590 putat
461 1504 591 1569 fecisse.
634 1505 707 1569 Hoc
730 1513 839 1568 autem
868 1505 1015 1588 accipere
1043 1525 1083 1566 ne
1104 1503 1201 1568 nobis
1224 1502 1454 1583 concedamus,
1496 1488 1501 1497 ,

339 1606 410 1690 ipse
433 1605 559 1670 Nonius
583 1606 693 1684 efficit,
718 1606 773 1693 qui
796 1628 870 1670 cum
892 1605 993 1668 uicies
1017 1604 1137 1690 septies
1160 1604 1307 1669 Manium
1329 1604 1455 1684 afferat,

339 1707 401 1771 hoc
423 1729 487 1771 uno
511 1716 698 1773 constanter
718 1708 849 1772 nomine
871 1706 990 1789 utitur3
1014 1729 1073 1772 nos
1089 1715 1197 1771 autem
1211 1706 1273 1770 hoc
1287 1729 1355 1772 non
1367 1706 1456 1792 prin-

340 1807 439 1893 cipali
461 1809 566 1872 solnm
588 1808 646 1873 sed
667 1819 798 1894 praeter
820 1832 921 1872 uniam
936 1807 1079 1873 Charisii
1101 1807 1208 1874 locum
1230 1808 1327 1871 unico
1344 1828 1456 1872 secun-

341 1911 458 1974 darum
481 1910 729 1996 inscriptionum
751 1911 844 1975 fonte
866 1910 989 1991 orbati,
1012 1909 1076 1973 nisi
1102 1933 1230 1975 summa
1257 1932 1331 1973 cum
1357 1921 1455 1975 teme-

340 2012 437 2077 ritate
460 2011 525 2077 tale
548 2012 627 2097 quid
656 2022 801 2077 statuere
830 2033 895 2075 non
924 2035 1109 2098 possumus.
1153 2011 1313 2076 Mundum
1335 2011 1457 2076 etenim

339 2114 451 2177 uiuere
472 2114 508 2176 in
530 2124 700 2178 aeternum
721 2113 828 2177 Varro
852 2114 879 2177 si
902 2112 1052 2195 credidit,
1075 2111 1310 2199 proculdubio
1334 2134 1402 2177 non
1424 2112 1457 2175 in

342 2215 470 2280 duabus
505 2226 634 2281 tantum
667 2216 787 2281 saturis
822 2216 949 2298 docuit,
987 2237 1088 2302 qnare
1120 2237 1217 2300 quam
1248 2216 1458 2300 potissimum

341 2315 518 2383 scholiasta
539 2318 722 2404 respexerit
745 2315 834 2402 (nam
857 2324 895 2381 de
916 2325 1013 2381 solute
1035 2326 1251 2381 aoeterarum
1272 2316 1457 2403 inscriptio·

339 2442 417 2482 num
432 2419 558 2484 ratione
574 2420 669 2483 nimis
684 2429 843 2484 remotum
859 2420 1006 2502 uidetur3
1029 2441 1225 2505 quamquam
1238 2440 1344 2504 neque
1358 2417 1459 2494 talem
1493 2476 1496 2481 .

340 2543 484 2606 unquam
512 2521 669 2605 adhibere
698 2545 772 2586 eum
805 2521 951 2606 potuisse
983 2521 1054 2607 quis
1088 2519 1220 2584 tandem
1253 2530 1459 2607 compertum

340 2622 494 2708 habeti),
528 2621 564 2686 id
590 2647 656 2688 non
685 2632 792 2709 potest
821 2623 972 2705 decerni5
1001 2622 1137 2686 eandem
1166 2631 1274 2686 autem
1295 2622 1457 2687 rationem

341 2746 439 2810 quam
472 2723 507 2786 in
540 2725 752 2810 inscriptione
785 2734 820 2787 dc
848 2728 952 2801 officio
979 2732 1085 2787 martti
1114 2724 1313 2809 explicanda
1345 2724 1458 2788 ualere

342 2848 440 2911 supra
463 2823 550 2907 dixi,
573 2824 626 2889 hic
649 2848 776 2913 qnoque
799 2826 919 2912 optime
942 2826 975 2889 ni
997 2824 1096 2890 fallor
1117 2824 1357 2891 adhibebimus.
1392 2827 1458 2891 De

341 2928 439 3013 nique
456 2926 632 3020 dicentium
647 2927 778 2993 uidetur
801 2928 842 2991 de
856 2927 941 2993 libro
965 2933 1016 2991 ‘cie
1029 2935 1242 3008 compositione
1255 2934 1456 3007 saturarum’,

342 3053 438 3116 quem
460 3031 580 3095 saturis
603 3028 859 3116 haudquaquam
881 3028 1014 3111 titulus,
1046 3030 1105 3093 sed
1131 3030 1272 3093 fortasse
1293 3029 1458 3115 fragmen-

342 3140 410 3194 tum
437 3130 586 3194 uindioat
613 3153 641 3192 a·
660 3131 766 3196 Nonio
794 3154 826 3217 p.
858 3140 899 3201 67
926 3140 1092 3195 seruatum
1126 3141 1320 3212 ‘pnrectatoe
1347 3140 1460 3197 adsunt

341 3239 507 3311 mulierque
528 3238 635 3296 multer
663 3238 762 3296 Venus
783 3232 924 3316 caput’1)
947 3233 1067 3319 inquo
1089 3255 1148 3319 per
1171 3234 1388 3319 corruptionis
1414 3245 1459 3300 te

341 3334 460 3399 nebras
484 3353 665 3398 sermonem
689 3344 798 3397 tamon
821 3334 941 3398 saturis
963 3336 1134 3420 proprium
1156 3345 1189 3400 et
1202 3336 1344 3400 fortasse
1359 3336 1460 3400 etiam

341 3436 480 3501 formam
502 3437 669 3500 metricam
693 3436 854 3523 dispicere
877 3435 964 3500 licet,
1000 3438 1122 3500 Verum
1136 3438 1272 3501 nimium
1286 3437 1461 3525 inscriptio

343 3538 470 3618 obstat,
500 3550 631 3603 seruata
653 3538 711 3601 illa
733 3562 753 3602 a
775 3538 898 3620 Nonio,
927 3538 989 3624 qni
1004 3538 1214 3603 Varroniana
1236 3536 1353 3603 saltem
1376 3541 1460 3604 satis

342 3648 494 3702 accurate
516 3639 691 3726 inducit,²)
727 3664 873 3726 quaeque
903 3649 1047 3704 saturam
1075 3639 1163 3705 nullo
1191 3641 1289 3706 modo
1310 3641 1461 3706 indicare

343 3750 462 3826 potest.
506 3741 662 3805 Fortasse
684 3742 718 3804 in
740 3742 801 3806 hoc
824 3765 952 3829 quoque
975 3741 1077 3823 libro,
1106 3753 1143 3807 nt
1166 3753 1352 3808 saturarum
1374 3766 1461 3809 com·

341 3842 538 3928 positionem
560 3842 808 3927 demonstraret,
831 3866 947 3909 uersus
970 3867 1166 3931 prosamque
1188 3845 1321 3911 miscuit
1344 3868 1462 3911 unum-

429 4085 454 4149 l)
475 4086 622 4149 ‘mulierque
640 4092 666 4135 et
687 4087 783 4135 Venus’
802 4086 929 4137 Perottus
944 4086 1096 4151 Cornucop.
1115 4104 1140 4151 p.
1155 4089 1218 4148 7263
1237 4090 1403 4151 ‘parietatoe
1416 4090 1464 4139 ad-

343 4178 416 4226 sunt·
442 4171 568 4219 mttierem
594 4170 680 4230 Venis
704 4173 787 4235 capit’
815 4170 962 4237 legendum
989 4176 1063 4237 puto.
1111 4171 1240 4220 Ceterum
1263 4171 1298 4224 cf.
1323 4174 1464 4239 appendix

344 4256 424 4303 huius
444 4254 579 4305 editionis.

428 4339 454 4400 2)
472 4340 533 4389 Non
551 4340 648 4389 debuit
665 4340 834 4391 Ritschelius
858 4341 891 4390 de
911 4341 1080 4406 logistoricis
1097 4358 1123 4406 p.
1143 4342 1206 4390 XIV
1230 4342 1285 4391 hac
1304 4356 1414 4406 quoque
1433 4343 1464 4391 in

344 4427 423 4487 parte
441 4425 529 4473 Nonio
552 4424 725 4489 diligentiam
750 4425 926 4489 abiudicare,
954 4428 1000 4490 qui
1023 4443 1046 4475 e.
1067 4442 1089 4475 c.
1113 4425 1245 4475 librorum
1268 4442 1335 4491 quos
1355 4426 1464 4478 duobus

346 4507 435 4556 titulis
458 4509 582 4575 insignes
604 4512 729 4575 putauit,
753 4512 851 4560 nonies
869 4514 977 4560 tantum
996 4511 1114 4560 alteram
1132 4512 1224 4560 omisit
1242 4512 1464 4577 inscriptionem,

348 4607 408 4641 cum
427 4595 476 4643 149
493 4594 563 4645 locis
582 4610 629 4645 eos
642 4601 877 4658 commemoraret,
898 4598 996 4660 quique
1010 4596 1172 4647 Andabatas
1184 4596 1366 4647 uerisimilius
1380 4611 1465 4661 qnam

348 4678 505 4729 Priscianus
523 4680 698 4731 Andabatam
717 4681 806 4732 affert.
833 4702 841 4713 ·
