3559 5709
693 437 700 449 “
718 438 838 497 artent
843 439 882 496 VS

321 697 405 763 Feta
426 698 506 765 feris
528 699 645 787 Libye.

592 803 778 870 Exlibro
802 804 962 871 incerto

229 988 243 1003 .
321 902 448 969 Probus
471 903 506 968 in
527 904 629 990 Verg.
653 905 773 991 Georg.
797 907 833 972 II
858 915 918 977 126
947 908 1045 973 ‘Pars
1068 908 1265 976 Parthorum
1286 912 1354 977 Me-

196 980 293 1067 dla
314 1015 365 1070 est
386 1004 552 1092 appellata
574 1030 594 1072 a
615 1006 731 1089 Medo,
754 1006 822 1074 filio
837 1008 975 1074 Medeae
997 1020 1030 1075 et
1053 1012 1167 1097 Aegei,
1189 1020 1227 1076 ut
1241 1012 1353 1078 existi-

196 1104 304 1172 mat
324 1106 451 1192 Varro,
476 1109 532 1195 qui
554 1118 710 1195 quattuor
731 1107 833 1175 libros
857 1110 898 1175 de
921 1113 1124 1197 Argonautis
1148 1112 1276 1178 edidit!

611 1328 977 1397 OHOROGRAPHIA

667 1432 916 1499 Prooemium

318 1634 416 1700 Vidit
438 1644 471 1701 et
493 1633 638 1701 aetherio
659 1635 816 1701 mundum
839 1638 1023 1724 torquerier
1045 1659 1107 1701 axe

318 1737 365 1802 Et
387 1747 512 1824 septem
535 1737 676 1801 aeternis
700 1737 844 1804 sonitum
866 1739 945 1804 dare
966 1738 1103 1806 uocibus
1127 1740 1232 1821 orbes,

318 1838 472 1905 Nitentes
495 1837 570 1904 aliis
594 1837 692 1920 alios,
716 1862 799 1925 quae
821 1841 968 1905 maxima
990 1839 1076 1905 diuis

317 1941 462 2007 Laetitia
483 1952 544 2007 est.
589 1943 636 2007 At
657 1952 735 2007 tunc
757 1941 853 2027 longe
876 1943 1067 2027 gratissima
1088 1941 1213 2010 Phoebi

318 2044 470 2109 Dextera
492 2041 676 2110 consimiles
700 2043 878 2111 meditatur
900 2045 1037 2110 reddere
1059 2066 1167 2110 uoces.

766 2162 810 2227 ⁴11
1079 2138 1090 2155 “

318 2265 409 2349 Ergo
432 2264 518 2331 inter
540 2262 618 2329 solis
641 2264 816 2330 stationem
839 2274 871 2330 et
894 2265 1003 2329 sidera
1025 2275 1150 2350 septem

318 2367 527 2453 Exporreeta
548 2366 634 2432 iacet
655 2365 769 2451 tellus3
792 2366 869 2432 huic
891 2367 1012 2432 extima
1033 2367 1136 2433 fluctu

319 2469 460 2551 Oceani,
483 2468 619 2535 interior
641 2468 795 2555 Neptuno
818 2470 963 2554 cingitur
985 2492 1052 2535 ora.

765 2622 820 2688 III

320 2726 369 2790 At
390 2724 532 2810 quinque
555 2722 709 2790 aetheriis
732 2724 823 2790 zonis
847 2724 1031 2810 accingitur
1053 2725 1140 2790 orbis

320 2828 373 2892 Ac
393 2833 528 2891 uastant
547 2826 630 2890 imas
653 2824 774 2890 hiemes
798 2808 1003 2912 mediamque
1026 2824 1165 2893 calores:

321 2928 388 2994 Sed
408 2936 516 2993 terrae
537 2937 701 2994 extremas
723 2927 810 2994 inter
830 2928 1037 3015 mediamque
1059 2927 1219 3010 coluntur,

320 3030 413 3111 Quas
437 3028 514 3096 solis
537 3028 647 3096 ualido
669 3041 836 3117 nunquam
857 3033 908 3095 uis
932 3038 1052 3096 atterat
1073 3031 1158 3115 igne.

713 3183 876 3270 Europa

664 3285 872 3454 TutumIsub
897 3385 974 3451 sede
996 3386 1148 3452 fuissent.

228 3560 348 3599 carmen
370 3543 521 3595 transtulit.
558 3542 602 3598 cf.
624 3541 674 3609 Ap.
698 3542 785 3596 Rhod.
808 3543 847 3593 IV
871 3545 937 3594 1525
960 3559 1001 3607 sq.
1069 3542 1112 3593 111
1128 3542 1309 3610 Philargyrus
1325 3544 1355 3592 in

227 3618 316 3681 Verg.
337 3612 438 3679 Georg.
456 3613 499 3663 111
518 3615 566 3664 lte
585 3613 688 3663 ‘Varro
706 3611 859 3663 Atacinus!
896 3609 940 3664 Of.
959 3611 1010 3677 hp.
1024 3611 1111 3662 Rhod.
1131 3612 1170 3663 IV
1183 3612 1257 3683 1562.
1300 3611 1353 3660 In-

230 3686 371 3735 certum.
406 3682 539 3733 Fortasse
559 3698 573 3732 e
592 3679 810 3746 chorographia.

301 3765 596 3818 GHOROGRAPHIA
636 3763 861 3830 ortographia
886 3764 1026 3814 Prisciani
1049 3761 1127 3814 codd.
1147 3764 1245 3829 optimi
1268 3761 1353 3813 Cho·

230 3834 423 3902 rographia
445 3834 527 3885 Bern.
550 3835 581 3885 in
596 3850 651 3900 mg.
682 3831 945 3898 cosmographia
968 3832 1068 3894 Zwicc.
1088 3833 1103 3881 2
1126 3830 1255 3886 Heidelb.
1292 3830 1353 3881 Hoc

230 3924 247 3957 o
267 3920 302 3956 us
327 3907 370 3955 est
393 3903 588 3969 interpretatio
611 3899 762 3953 Alexandri
784 3900 901 3966 Ephesii
924 3896 975 3951 τοῦ
997 3892 1124 3966 Λύχνου,
1152 3898 1188 3952 cf.
1211 3899 1354 3965 Roeperus

230 3923 332 4041 philol.
350 3971 444 4024 XVIII
461 3987 488 4038 p.
502 3973 560 4024 433.
585 3969 685 4022 Strabo
703 3967 768 4020 XIV
780 3984 806 4034 p.
820 3969 879 4023 642.
897 3969 1068 4035 Fragmenta
1085 3966 1182 4019 ordine
1200 3968 1353 4033 componam

232 4042 268 4094 ad
282 4056 318 4093 aa
331 4040 369 4091 ef.
381 4039 479 4091 Theon
491 4038 659 4104 Smyrnaeus
672 4040 775 4090 astron.
788 4053 815 4103 p.
823 4038 871 4088 182
884 4052 943 4102 sqq.
962 4036 1070 4090 Martin.
1116 4035 1247 4087 IMarins
1259 4036 1353 4087 Victo·

231 4110 309 4162 rinna
333 4124 360 4174 p.
379 4109 495 4160 25031‘.
525 4107 658 4161 ‘Varro.’·
705 4104 732 4157 II
750 4105 911 4155 Priscianus
933 4121 959 4171 p.
980 4107 1029 4156 100
1051 4105 1154 4156 ‘Varro
1177 4104 1207 4155 in
1229 4107 1353 4169 ortogra-

231 4178 301 4246 phia
318 4172 357 4240 (u.
371 4174 428 4242 a.).’
479 4175 523 4226 111
539 4172 661 4227 Isidorus
679 4174 712 4225 de
730 4178 789 4226 nat.
808 4189 860 4225 rer.
881 4188 904 4223 e.
919 4175 951 4224 10
975 4173 1103 4224 ‘Varro’
1120 4188 1146 4224 u.
1164 4174 1180 4223 4
1198 4185 1296 4237 quarn

231 4250 269 4297 ut
286 4244 426 4297 auferat
442 4243 516 4296 libri.
533 4244 586 4294 uIs
604 4244 711 4309 scripsi,
731 4246 862 4294 atterat
874 4240 1061 4293 Wuelluerus.
1097 4238 1141 4294 cf.
1158 4239 1354 4291 Reifferschei-
1376 4269 1382 4286 .

232 4313 296 4365 dius
314 4312 428 4365 Sueten.
441 4329 467 4378 p.
481 4313 529 4365 197
542 4326 584 4377 sq.
599 4336 628 4347 -
653 4311 789 4379 Europa
807 4309 820 4361 I
839 4309 957 4363 Glossae
974 4310 1059 4361 Festo
1077 4308 1208 4361 Muelleri
1225 4307 1353 4361 adiectae

231 4399 258 4451 p.
278 4384 328 4434 381
354 4381 456 4433 ‘Varro
474 4381 503 4431 in
520 4381 653 4445 Europa)
