3559 5709
316 709 338 771 4
793 712 920 768 capvt
953 712 963 765 Ι

380 877 419 939 ln
441 875 528 939 Enni
556 875 656 959 igitur
684 883 868 938 saturarum
897 874 1008 956 libris,
1039 897 1118 960 quos
1141 897 1276 940 numero
1298 877 1436 942 minime

317 1002 376 1043 sex
403 977 505 1042 fuisse
534 1001 575 1042 ex
601 977 735 1042 Donato
764 977 798 1039 in
826 976 960 1040 Terenti
987 975 1217 1042 Phormionem
1245 977 1353 1065 (112,
1379 979 1436 1064 25)

317 1080 481 1160 docemur,
504 1088 680 1143 metrorum
704 1078 854 1143 extitisse
878 1078 1073 1142 uarietatem
1095 1079 1201 1165 primo
1225 1081 1343 1145 obtutu
1365 1081 1434 1145 ani-

315 1181 560 1245 maduertimus.
605 1179 658 1244 Ita
680 1204 696 1245 e
720 1179 803 1245 libro
827 1179 969 1244 secundo
992 1179 1212 1265 fragmentum
1234 1181 1434 1247 hexametris

316 1283 515 1368 descriptum
544 1280 744 1367 alterumque
778 1280 937 1367 quadrato
970 1303 1069 1346 uersu
1096 1282 1220 1347 factum
1248 1282 1332 1349 illud
1359 1285 1434 1349 Ser·

313 1387 386 1449 uius
413 1384 475 1448 hoc
503 1384 629 1449 Nonius
658 1393 846 1465 senuerunt,
879 1382 995 1445 itidem
1023 1382 1111 1448 tertii
1144 1383 1221 1449 libri
1248 1385 1435 1470 fragmenta

314 1487 451 1550 senariis
475 1485 661 1571 conscripta
684 1483 763 1567 duo,
792 1484 991 1548 hexametris
1012 1507 1114 1548 unum
1136 1485 1261 1549 Nonius
1284 1488 1433 1573 praebet.

315 1589 422 1675 Scipio
451 1610 581 1674 quoque
611 1586 799 1668 Ennianus,
830 1586 952 1672 quippe
980 1586 1070 1650 cuius
1104 1585 1291 1671 fragmenta
1318 1600 1434 1655 extent

313 1690 479 1756 trochaica
502 1689 577 1770 duo,
600 1688 789 1753 hexameter
811 1710 908 1769 unus,
931 1688 1017 1753 inter
1039 1698 1169 1753 saturas
1192 1698 1278 1754 recte
1301 1713 1321 1754 a
1342 1691 1432 1755 Vah-

312 1792 385 1856 leno
407 1791 442 1854 in
469 1789 617 1878 prolegg.
640 1790 683 1854 ad
705 1789 791 1853 Enn.
813 1811 905 1875 poes.
928 1788 998 1855 rell.
1022 1813 1055 1876 p.
1077 1789 1263 1855 LXXXIV
1286 1815 1358 1878 sqq.
1382 1816 1432 1857 re-

313 1894 431 1977 fertur,
457 1915 552 1978 quem
569 1883 641 1956 cuni
664 1897 783 1957 ‘librum
806 1899 858 1970 qui
880 1895 985 1971 Scipio
1000 1896 1185 1956 inscribitur*
1202 1892 1329 1958 Gellius
1345 1894 1396 1958 IV
1412 1907 1432 1965 7

314 1995 418 2077 dicat,
442 2004 548 2059 totum
570 1995 711 2081 aliquem
732 1993 766 2055 in
790 1994 909 2057 saturis
932 1992 1051 2058 librum
1075 1994 1257 2059 obtinuisse
1280 2005 1431 2082 apparet,

312 2100 368 2184 qui
390 2098 548 2183 poematis
571 2096 655 2159 uarii
684 2103 717 2159 et
737 2094 865 2180 generis
893 2096 926 2159 et
948 2095 1058 2174 metri,
1090 2095 1149 2159 sed
1178 2120 1261 2182 quae
1290 2096 1334 2161 ad
1361 2097 1432 2162 Sci-

311 2200 441 2286 pionem
462 2198 656 2262 Africanum
677 2197 878 2284 pertinerent
900 2197 1019 2277 omnia,
1043 2197 1199 2262 constitit.
1229 2198 1299 2263 Nec
1320 2209 1431 2275 tamen

292 2294 385 2364 'cum
412 2299 562 2365 Vahleno
598 2300 732 2364 tertium
766 2308 950 2363 saturarum
983 2298 1104 2365 librum
1138 2301 1210 2365 dico
1245 2300 1430 2387 Scipionem

311 2403 424 2485 fuisse,
448 2402 541 2466 cuius
565 2402 746 2477 sentcntiae
775 2410 807 2464 et
837 2401 968 2465 obstare
995 2402 1127 2467 uidetur
1152 2425 1266 2466 uersus
1291 2408 1382 2467 ‘Nom
1405 2411 1431 2468 is

312 2509 371 2569 oon
394 2511 466 2568 benc
488 2511 553 2567 uult
574 2506 636 2580 ribi,
662 2511 714 2582 qui
732 2508 816 2579 solco
837 2504 992 2568 criminct’
1015 2505 1111 2567 nimis
1138 2502 1194 2568 ille
1215 2503 1346 2568 humilis
1368 2526 1429 2591 pro

312 2605 431 2691 grandi
455 2613 487 2668 et
509 2604 594 2669 elata
617 2604 777 2691 Scipionis
802 2604 961 2686 dictione,
990 2615 1023 2671 et
1050 2604 1192 2670 fulcrum
1220 2629 1284 2691 quo
1313 2607 1431 2671 nititur

312 2731 406 2775 omne
428 2708 494 2769 iam
517 2704 654 2771 abstulit
681 2706 886 2771 Ribbeckius
915 2708 950 2770 in
972 2730 1055 2771 mus.
1078 2707 1189 2794 philol.
1214 2708 1249 2770 X
1272 2715 1349 2789 287,
1373 2710 1429 2795 qni

311 2818 417 2874 totum
438 2810 660 2893 frag1nentum
682 2808 717 2870 X
738 2807 837 2872 Vahl.
860 2832 877 2873 e
901 2808 1053 2895 Scipione
1082 2809 1125 2874 ad
1148 2809 1294 2875 Annales
1323 2821 1428 2874 trans·

310 2912 482 2977 ferendum
505 2910 631 2991 docuit,
660 2909 746 2973 unde
773 2933 873 2974 unum
901 2920 1000 2997 poeta
1026 2933 1159 2975 uersum
1186 2913 1220 2975 in
1243 2912 1429 2976 saturarum

310 3013 430 3079 librum
452 3012 585 3078 tertium
608 3011 714 3077 denuo
742 3012 915 3099 acceperit.
959 3011 1122 3076 Nimirum
1148 3035 1263 3077 uersus
1286 3037 1368 3101 quos
1391 3024 1429 3079 ut

310 3115 498 3180 notissimos
529 3113 642 3178 Cicero
671 3112 824 3199 protulit,
859 3137 924 3178 non
958 3116 1066 3200 potuit
1095 3137 1221 3180 sumere
1250 3139 1267 3180 e
1296 3116 1427 3197 saturis,

310 3239 393 3303 quae
416 3213 542 3299 iamdiu
565 3238 607 3278 ex
628 3214 801 3277 hominum
821 3216 978 3279 memoria
1006 3225 1209 3280 euanuerant
1235 3239 1340 3303 neque
1363 3218 1427 3280 nisi

311 3340 328 3381 e
350 3316 636 3403 grammaticorum
664 3315 783 3380 studiis
812 3316 907 3381 nobis
930 3326 1027 3382 notae
1055 3327 1142 3383 sunt.
1187 3318 1293 3398 Quem
1319 3329 1428 3383 autem

311 3420 410 3484 alium
433 3428 619 3483 saturarum
640 3415 762 3483 librum
783 3418 892 3505 Scipio
916 3419 1106 3502 obtinuerit,
1129 3419 1163 3484 id
1186 3420 1252 3484 iam
1273 3442 1338 3506 non
1353 3442 1427 3507 pos-

310 3544 422 3586 sumus
447 3520 615 3603 indagare.
793 3536 796 3540 ’

373 3622 445 3686 Hoc
466 3622 567 3705 igitur
588 3620 745 3705 uidimus,
770 3624 864 3685 uaria
886 3622 1022 3707 singulis
1045 3622 1139 3690 libris
1161 3624 1300 3688 infuisse
1322 3635 1428 3688 metra

310 3746 447 3811 cumque
470 3724 590 3788 satirae
612 3722 688 3786 illae
710 3746 774 3788 non
796 3722 1006 3808 longissimae
1035 3725 1138 3789 fuisse
1165 3725 1331 3811 putandae
1360 3728 1427 3789 sint

310 3826 416 3914 (uelut
443 3824 500 3889 illa
528 3823 696 3910 quadratis
729 3825 881 3890 uersibus
916 3828 1040 3913 scripta
1073 3828 1165 3891 cuius
1199 3837 1426 3911 argumentum
1497 3848 1499 3851 ’

311 3926 437 3994 Gellius
460 3927 496 3990 ΙΙ
519 3935 558 3997 29
581 3928 724 4014 narrat),
748 3926 843 3991 aliter
865 3927 995 4013 siquid
1017 3927 1115 3992 uideo
1139 3928 1210 3992 fieri
1232 3951 1297 3993 non
1318 3932 1427 4015 potuit

308 4031 372 4095 nisi
393 4038 430 4094 ut
453 4029 573 4093 saturis
597 4028 791 4113 singulis-
806 4029 876 4093 siue
898 4038 935 4093 ut
950 4052 1023 4093 enm
1037 4029 1199 4094 Diomede
1219 4030 1335 4116 loquar
1349 4054 1425 4117 poe-

308 4133 452 4197 matibus
476 4129 624 4215 singulis
648 4130 767 4216 quibus
792 4142 905 4197 satura
926 4129 960 4216 (i.
977 4154 1003 4195 e.
1020 4130 1104 4196 liber
1127 4134 1326 4219 saturarum)
1350 4154 1425 4197 con-

309 4233 419 4297 stabat
440 4271 482 4279 -
504 4230 635 4316 singula
662 4242 767 4296 metra
793 4232 1047 4319 responderent,
1076 4233 1111 4297 id
1140 4233 1228 4319 quod
1255 4231 1424 4297 Vahlenus

284 4372 287 4378 ·
308 4355 437 4419 quoque
460 4357 490 4419 p.
508 4333 681 4398 LXXXII
702 4336 831 4420 probat.
875 4335 1011 4400 Praeter
1032 4334 1117 4399 hanc
1140 4358 1238 4420 quam
1261 4335 1332 4399 dixi
1353 4358 1424 4399 uer-

309 4456 403 4498 suum
424 4435 510 4498 inter
533 4435 679 4521 singulas
696 4427 832 4501 vsaturas
856 4437 1049 4501 uarietatem
1072 4438 1424 4522 argumentissquoque

306 4559 372 4600 non
394 4536 501 4599 minus
525 4537 761 4624 multiplicibus
790 4539 1058 4621 continebantur,
1089 4539 1129 4603 de
1152 4540 1269 4625 quibus
1292 4562 1424 4603 accura-

307 4637 372 4703 tius
396 4638 555 4702 disserere
584 4660 657 4702 cnm
685 4640 895 4727 reliquiarum
921 4640 1033 4727 inopia
1054 4650 1161 4724 uetet,
1190 4640 1225 4704 id
1251 4663 1354 4704 unum
1382 4665 1424 4705 ex
