3559 5709
334 700 373 764 12
807 707 939 764 GAPVT
970 708 980 762 1

330 865 463 954 μέτρων
484 866 628 953 βέβηκα’
653 869 796 934 dilucide
819 870 1010 952 ostendunt,
1040 894 1081 934 ne
1103 893 1182 935 uero
1205 871 1239 933 in
1262 869 1327 933 illis
1352 862 1451 935 ‘odes

332 966 426 1051 πεζός
449 972 514 1055 εἰμι
537 961 616 1034 οὔτε
639 966 692 1033 ἐστὶ
714 973 781 1035 τῶν
803 968 937 1053 μέτρων
955 968 1099 1053 βέβηκα)
1124 971 1220 1036 talem
1241 972 1314 1058 quis
1329 974 1451 1037 utrius-

232 1126 240 1141 .
331 1097 392 1161 que
415 1073 572 1139 sermonis
601 1074 764 1137 inunum
791 1095 894 1157 genus
923 1074 1148 1139 confusionem
1176 1074 1283 1138 inesse
1305 1075 1450 1161 suspiee-

332 1185 402 1257 tur,
432 1174 536 1261 qualis
565 1182 616 1240 est
644 1176 678 1237 in
700 1174 758 1238 illa
780 1178 859 1261 πεζῇ
887 1177 1057 1260 ποιητικῇ,
1083 1198 1145 1260 quo
1174 1175 1304 1240 nomine
1331 1177 1451 1241 Lucia-

333 1300 394 1342 nus
417 1298 525 1362 quom.
547 1275 623 1339 hist.
647 1298 771 1342 consor.
787 1300 813 1341 s.
831 1299 902 1363 cap.
920 1287 938 1348 8
961 1299 1069 1341 rerum
1090 1287 1257 1362 gestarum
1279 1277 1451 1343 historiam

331 1379 478 1465 prosarie
500 1377 631 1464 quidem
654 1378 871 1465 conscriptam
895 1380 953 1443 sed
973 1378 1083 1444 uerbis
1106 1380 1233 1465 poetice
1256 1379 1450 1445 sonantibus

330 1482 520 1546 abutentem
544 1463 702 1564 designat,
726 1479 761 1543 id
784 1502 823 1544 ea
837 1503 872 1544 re
887 1479 1079 1565 prohibetur
1098 1481 1187 1567 quod
1208 1481 1303 1544 nimis
1327 1479 1451 1545 elatum

331 1584 514 1670 poeticique
542 1582 669 1646 ardoris
698 1581 830 1667 plenum
857 1604 1039 1647 sermonem
1065 1582 1221 1667 Menippo
1255 1580 1319 1664 illi,
1355 1583 1450 1647 euius

331 1684 455 1770 scripta
482 1677 730 1764 ‘antepilanos
758 1676 868 1766 γέμον
897 1705 1102 1770 nequaquam
1130 1706 1302 1769 possumus
1323 1706 1451 1750 eonce-

332 1786 418 1852 dere.
452 1785 535 1850 Cum
556 1784 658 1869 igitur
680 1790 785 1871 neque
807 1785 993 1872 pedestrem
1015 1807 1195 1850 sermonem
1218 1787 1355 1871 poeticis
1377 1809 1451 1850 uer-

330 1889 382 1955 bis
406 1887 556 1951 indutum
583 1895 680 1973 atque
713 1888 819 1951 minus
848 1887 948 1951 etiam
975 1887 1129 1951 eontinua
1156 1887 1302 1950 earmina
1328 1886 1451 1952 indolis

330 1989 428 2054 nimis
451 1988 618 2075 prosariae
641 2011 681 2052 ea
707 1988 810 2053 uerba
832 1988 1018 2072 significare
1043 1987 1186 2074 possint,
1211 1987 1290 2075 quid
1312 1987 1379 2052 iam
1401 2011 1452 2053 re-

330 2091 443 2156 lietum
465 2099 532 2171 est,
563 2089 628 2153 nisi
658 2100 695 2155 ut
715 2099 854 2177 utroque
881 2111 1029 2155 sermone
1057 2112 1136 2155 uero
1160 2099 1193 2154 et
1214 2091 1356 2174 genuino
1380 2090 1451 2154 eius

331 2191 458 2258 libellos
486 2191 589 2255 fuisse
621 2192 817 2278 compositos
851 2214 869 2256 e
898 2191 1036 2256 Luciani
1069 2192 1180 2257 uerbis
1216 2191 1312 2256 nobis
1343 2214 1452 2256 suma-

330 2295 428 2359 mus?
461 2294 553 2374 Quae
582 2292 713 2379 quidem
741 2294 885 2358 earmina
915 2315 988 2357 eum
1016 2293 1107 2381 apud
1133 2292 1314 2358 Lneianum
1340 2294 1454 2379 ipsum

330 2419 390 2462 neo
412 2394 573 2482 permulta
594 2417 654 2459 nee
679 2418 859 2481 permagna
885 2396 1112 2476 inueniantur,
1142 2394 1231 2481 apud
1257 2393 1453 2480 Menippum

331 2520 459 2584 quoque
475 2519 571 2584 quern
586 2496 641 2561 ille
655 2497 804 2563 imitatur
819 2519 888 2561 rem
905 2496 1001 2562 aliter
1018 2496 1202 2562 institutam
1219 2496 1323 2561 fnisse
1337 2496 1385 2559 nil
1400 2506 1454 2561 est

331 2597 420 2685 quod
435 2598 583 2663 suadeat.
620 2599 708 2664 Ante
722 2598 915 2685 Menippum
937 2599 1002 2662 iam
1024 2598 1175 2663 eirtitisse
1197 2598 1253 2685 qui
1275 2608 1454 2685 utrumque

332 2722 513 2766 sermonem
546 2699 788 2782 coniunxerint,
822 2722 887 2765 non
919 2701 1077 2766 habemns
1112 2711 1328 2787 compertum,
1364 2702 1453 2765 Bion

331 2810 418 2867 certe
433 2800 682 2888 Borysthenites
699 2824 796 2888 quem
820 2792 898 2884 ‘iiie
913 2803 1122 2884 φιλοσοφίαν
1144 2792 1271 2866 ἀνθινὰ
1292 2800 1453 2866 ἐνδῦσαν

330 2904 565 2970 Eratosthenes
590 2903 674 2969 dixit
696 2906 743 2990 (u.
767 2904 894 3022 snpra),
918 2905 984 2968 alia
1004 2905 1133 2970 ratione
1155 2905 1218 2971 hoe
1239 2906 1372 2991 negotio
1395 2906 1452 2969 de-

330 3006 423 3071 funct
410 3016 461 3071 tus
492 3016 552 3072 est.
597 3005 765 3072 Huiust
732 3009 852 3072 etenim
881 3006 922 3070 de
944 3007 1095 3071 uersibus
1124 3030 1207 3093 quae
1228 3016 1453 3073 memorantur

331 3107 419 3193 apud
443 3106 544 3172 schol.
568 3106 668 3194 Oruq.
690 3107 733 3171 ad
755 3108 837 3173 Hor
861 3131 935 3194 epp
960 3107 995 3173 II
1018 3116 1049 3189 2,
1072 3118 1113 3179 58
1135 3109 1265 3174 nonnisi
1288 3108 1331 3173 ad
1332 3130 1451 3234 5paro=

331 3208 403 3273 dias
426 3208 600 3273 referenda
626 3210 796 3291 uidentur,
824 3211 1020 3294 praesertim
1047 3232 1120 3274 oum
1148 3201 1295 3294 εὐφυὴς
1323 3195 1367 3292 ἦν
1394 3208 1453 3274 και

332 3310 548 3397 τταρφδῆσαι’
578 3308 691 3395 (Diog
719 3310 758 3373 L
781 3311 831 3375 IV
854 3312 995 3399 52);ei
1023 3312 1051 3375 si
1084 3312 1214 3398 quidem
1248 3312 1372 3376 Aeroni
1405 3313 1452 3377 ad

278 3416 284 3427 '
330 3414 412 3479 Hor.
440 3410 461 3475 l.
492 3435 519 3477 ο.
554 3414 673 3494 ((Βίοκ
701 3417 754 3490 qui
785 3418 931 3492 sophistes
962 3420 1190 3491 coeiiominams
1216 3426 1274 3491 esi,
1313 3421 1344 3477 in
1372 3420 1453 3479 libro

331 3536 416 3592 ηκτοι
439 3521 535 3579 edidit
561 3520 798 3578 mordacissimis
823 3521 937 3579 salibus
963 3535 1001 3578 ea
1029 3536 1107 3593 quae
1135 3522 1221 3595 opud
1241 3525 1351 3595 poetas
1379 3528 1453 3579 suni

331 3622 375 3680 ita
396 3622 599 3693 laceranda
580 3626 671 3680 idne
685 3622 817 3681 Homero
840 3623 958 3696 quidem
975 3614 1148 3699 parcerei')
1186 3615 1267 3680 fides
1295 3615 1453 3681 habenda

331 3725 397 3798 est,
428 3717 470 3781 ad
498 3738 597 3781 unum
620 3716 762 3803 aliquem
784 3716 995 3804 parodiarum
1021 3715 1156 3800 librum3
1186 3717 1229 3782 of
1252 3716 1451 3782 Welckerus

330 3818 435 3906 praef.
458 3817 605 3902 Theogn.
628 3842 660 3905 p.
676 3818 890 3883 LXXXVII.
921 3818 1191 3884 Wachsmuthius
1214 3818 1235 3883 l.
1253 3841 1281 3882 e.
1297 3842 1330 3905 p.
1346 3827 1387 3887 40
1400 3841 1452 3906 sq.

330 3920 416 3984 Nam
438 3919 527 4005 quod
549 3919 711 3985 Prellerus
735 3944 753 3985 e
774 3921 934 4005 Diogenis
957 3920 1068 3986 uerbis
1084 3920 1134 3984 IV
1150 3928 1206 3990 52:
1232 3916 1312 3983 ‘’Hv
1334 3914 1372 3983 it
1394 3918 1453 3983 καὶ

330 4012 508 4105 θεατρικὸς
535 4017 599 4084 καὶ
620 4021 725 4097 πολύς
752 4020 789 4085 ἐν
811 4024 857 4110 τῷ
883 4023 1004 4109 γελοίῳ
1028 4020 1246 4104 διαφορῆσαι,
1275 4033 1453 4104 φορτικοῖς

331 4117 471 4207 ὀνόμασι
494 4114 577 4186 κατὰ
605 4122 673 4186 τῶν
702 4145 907 4207 αηαγματων
934 4116 1111 4207 χρώμενος.
1157 4114 1225 4186 Aioi
1253 4114 1295 4205 iq
1325 4118 1390 4185 οὐν
1412 4116 1453 4187 τὸ

331 4222 453 4289 ιταντὶ
476 4230 510 4289 εί
499 4224 580 4289 idei
603 4218 730 4307 λόγον
759 4224 994 4307 κεκρᾶσθαι
1021 4221 1104 4341 φασὶ
1132 4219 1282 4306 λέγειν’
1266 4216 1318 4286 εντ’
1343 4219 1455 4288 αὐτοῦ

331 4320 390 4391 τὸν
408 4319 665 4409 Ἐρατοσθένην,
683 4316 726 4402 ὡς
749 4330 878 4406 πρῶτος
893 4329 985 4390 Βίων
1007 4350 1070 4410 την
1092 4326 1300 4409 φιλοσοφίαν
1323 4317 1454 4389 ἀνθινὰ

330 4422 501 4492 ἐνέδυσεν.
531 4419 661 4511 εὐφυὴς
687 4420 751 4511 γὰρ
775 4414 818 4512 ἦν
847 4426 903 4492 καὶ
925 4427 1138 4514 παρῳδῆσαι’
1162 4428 1340 4510 concludit,
1362 4429 1454 4493 inter

330 4530 425 4593 uaria
446 4532 526 4595 haee
547 4553 669 4616 genera
692 4530 732 4595 de
754 4552 852 4617 prosa
879 4553 1008 4617 quoque
1030 4541 1063 4595 et
1091 4530 1182 4617 poesi
1209 4530 1452 4596 alternantibus

330 4631 540 4716 cogitandum
563 4654 645 4716 esse,
669 4653 735 4697 non
757 4632 838 4697 satis
860 4634 934 4717 ipsa
956 4631 1059 4697 uerba
1080 4632 1223 4719 respicit,
1245 4653 1330 4718 quae
1345 4653 1452 4717 genus
