3559 5709
295 701 365 766 Ι152
673 704 705 760 M.
731 703 868 760 l'llllENl'l
893 702 1055 761 VARRONIS

747 827 975 944 rrmcrcr

389 1036 395 1050 .
422 1035 429 1050 .
454 985 584 1072 eclipsis
613 986 743 1072 quando
772 987 831 1068 sit,
861 1009 934 1051 cum
967 985 1045 1050 luna
1072 986 1218 1070 laboret3
1247 996 1283 1051 et
1312 986 1342 1049 si
1371 984 1433 1049 hoc

302 1087 477 1152 ridiculum
499 1087 647 1169 credunt,
671 1088 793 1170 dicant,
817 1088 896 1174 quid
917 1087 1055 1153 laboret.

632 1234 1080 1336 nruoumcmnuoc

390 1411 509 1475 Atilius
539 1412 797 1476 Fortunatianus
827 1435 859 1497 p.
883 1420 966 1483 2676
995 1412 1032 1477 P.
1055 1420 1117 1481 319
1140 1409 1248 1475 Gaisf.
1287 1410 1429 1474 ‘Secun-

306 1513 383 1578 dum
405 1514 545 1598 primum
569 1513 750 1598 spondeum
777 1513 920 1577 insertus
943 1513 1019 1577 huic
1046 1510 1327 1597 hendecasyllabo
1342 1532 1429 1588 ¹ana-

275 1624 438 1701 5pacstus
462 1614 603 1678 ionicum
632 1615 804 1680 sotadeum
832 1614 914 1680 facit
943 1615 1005 1678 sic:
1045 1616 1175 1678 ‘castae
1203 1610 1328 1677 dociles
1355 1611 1428 1675 Pie-

304 1716 391 1779 rides
419 1738 538 1779 nouem
566 1718 719 1781 sordrcs?
769 1716 824 1780 Ex
850 1738 915 1802 quo
943 1736 1008 1779 non
1038 1724 1089 1779 est
1119 1714 1307 1779 mirandum
1340 1712 1428 1800 quod

304 1818 411 1881 Varro
434 1818 469 1879 in
501 1817 592 1902 Cyn
605 1840 623 1881 ο
637 1818 679 1880 di
693 1818 714 1880 d
726 1842 745 1881 a
757 1842 772 1881 s
786 1840 803 1881 c
816 1840 835 1880 a
846 1816 857 1880 l
868 1818 940 1882 i'eo
968 1816 1163 1881 Plralaccion
1184 1824 1325 1891 metrum
1347 1814 1428 1880 ioni-

305 1941 378 1982 cum
406 1919 587 1982 trimetmm
617 1918 776 2005 appellat,
807 1919 941 2004 quidam
970 1918 1111 1984 ionicum
1136 1917 1322 1983 minorem?
1365 1917 1428 1981 Te-

304 2021 473 2084 rentianus
502 2019 637 2083 Maurus
673 2043 706 2084 u.
730 2029 965 2092 2833-2848:
1004 2020 1066 2083 ‘Et
1098 2020 1247 2105 quintam
1279 2018 1430 2084 breuiter

256 2133 294 2190 10
306 2132 415 2185 tomen
443 2119 620 2206 loquemur.
672 2121 860 2207 Spondeum
883 2121 1047 2207 siquidem
1073 2120 1158 2187 inter
1186 2129 1230 2185 et¹
1247 2120 1430 2184 secundum

306 2224 412 2304 Quem
435 2222 498 2285 scis
523 2221 678 2309 dactylon
706 2222 759 2286 hie
788 2222 894 2287 solere
916 2223 1004 2307 poni,
1029 2222 1065 2287 si
1087 2221 1200 2287 trudas
1223 2230 1430 2307 anapaeston

304 2327 510 2409 inscrasque‚
540 2322 663 2408 Iungas
693 2333 840 2406 caetera,
869 2324 936 2388 iam
966 2323 1096 2389 uidebis
1124 2325 1233 2409 ipsum
1260 2323 1429 2388 Consueto

304 2425 388 2511 pede
411 2424 555 2491 Sotaden
578 2425 738 2491 locutum:
773 2426 931 2490 ‘Cdrmen
952 2425 1097 2489 Pierides
1121 2425 1248 2490 dabr'mt
1270 2426 1429 2498 sordres'‚

305 2525 341 2591 si
363 2527 470 2590 dicam
492 2525 640 2609 ‘lepidae
650 2536 670 2609 ',
694 2526 802 2613 palam
825 2537 875 2591 est
897 2527 1059 2614 profecte,
1083 2526 1181 2608 Quod
1203 2526 1247 2590 sit
1268 2548 1328 2612 pes
1352 2548 1430 2590 ana·

256 2637 455 2713 15pacstus:
484 2628 592 2691 insero
622 2650 699 2713 ergo
727 2628 879 2714 Spondeo
906 2627 1050 2717 medium
1082 2638 1179 2715 atque
1212 2627 1431 2714 consequenti

304 2730 377 2794 Hoc
400 2751 518 2794 nomen
541 2730 721 2815 ‘lepidao'z
746 2730 784 2793 fit
806 2754 901 2796 omne
922 2729 1003 2796 tale:
1029 2729 1186 2795 ‘Carmen
1207 2728 1342 2816 lepidae
1356 2728 1428 2794 Pie·

372 2919 572 2972 ΚΤΝΙΟΤΩΡ.
613 2919 751 2985 ‘Cynicus
769 2921 869 2969 testis’
911 2919 1053 2969 Eiusmodi
1070 2918 1430 2983 inscriptionesAtellana-

304 3003 362 3036 rum
387 2988 446 3037 fere
469 2990 581 3037 nomina
603 2989 632 3036 in
655 2992 774 3037 mentem
797 2991 899 3037 uocant
922 2988 1018 3050 qualia
1042 2990 1106 3036 sunt
1128 2987 1257 3052 ‘Pappus
1281 2988 1428 3052 agricola’

305 3056 434 3105 ‘Maccus
452 3056 546 3105 miles'
566 3058 682 3105 ‘Verres
702 3059 847 3120 aegrotus'
867 3054 977 3107 similia.
1034 3054 1250 3119 IPhilargyrus
1274 3055 1304 3103 in
1321 3055 1431 3120 Vergili

306 3124 405 3187 Georg.
425 3124 452 3172 II
471 3125 520 3172 477
539 3124 633 3183 ‘Quod
651 3124 735 3187 uulgo
754 3123 848 3171 dieunt
866 3122 1005 3172 laborat
1023 3122 1115 3180 luna,
1139 3122 1204 3171 hinc
1224 3119 1292 3184 (hic
1311 3124 1429 3173 Vatica-

305 3207 355 3239 nus
374 3193 440 3240 3317
470 3207 503 3238 m.
528 3191 577 3254 pr.)
603 3191 690 3238 Varro
714 3191 742 3237 in
767 3190 918 3253 Cynistore
947 3188 1159 3254 (cynistrore
1185 3190 1343 3240 Vaticanus
1370 3190 1430 3254 Sy-

304 3259 435 3307 nistore
463 3260 567 3321 Popma
587 3256 757 3306 Ciniflone
776 3258 948 3308 Ritschelius
966 3257 1000 3307 de
1018 3257 1188 3323 logistoricis
1205 3274 1231 3322 p.
1251 3256 1287 3321 X)
1302 3294 1309 3306 .
1324 3293 1331 3306 .
1347 3260 1366 3306 .'

373 3323 766 3376 ΚΤΝΟΔΙΔΑΟΚΑΛΙΚΟΟ.
804 3321 1161 3376 Κυνοδιδασκαλικόν
1174 3324 1294 3376 Oehlero
1315 3325 1428 3387 dicitur,

305 3387 620 3451 vaodtdoc'ouuloe
644 3392 797 3443 Ritsch'elio
822 3394 854 3443 de
878 3393 1050 3458 logistorieis
1073 3410 1099 3458 p.
1118 3394 1144 3441 X
1166 3398 1223 3444 not.
1268 3394 1376 3443 Varro
1396 3394 1431 3443 in

306 3462 635 3513 scenodidascalico
663 3462 857 3511 Lachmannus
885 3462 974 3525 praef.
1000 3461 1035 3510 ad
1064 3462 1173 3512 Terent.
1198 3460 1286 3510 Maur.
1316 3476 1344 3525 p.
1368 3461 1429 3511 XV.

306 3530 407 3579 Videor
424 3531 492 3579 mihi
506 3530 628 3579 codicem
649 3529 751 3593 (Vatir.
766 3529 844 3590 5216)
864 3530 904 3578 ita
922 3544 1003 3593 posse
1021 3530 1102 3590 tueri,
1121 3532 1151 3577 ut
1169 3522 1250 3593 λόγος
1268 3528 1430 3645 supyleam3

306 3596 353 3645 sed
373 3597 457 3645 etiam
475 3595 759 3647 Κυνοδιδασκαλεῖον
781 3613 835 3645 non
859 3598 952 3662 inepte
972 3597 1033 3660 quis
1052 3597 1201 3646 coniceret.
1237 3596 1279 3645 Ad
1297 3595 1371 3645 ilud
1392 3597 1430 3646 cf.

305 3664 406 3713 Accius
430 3665 474 3711 ‘in
498 3666 585 3727 primo
609 3664 795 3714 didascalico'
820 3663 893 3714 Gell.
914 3663 1067 3726 11111‚4;
1095 3663 1214 3713 ‘Accius
1236 3662 1430 3714 didascalieo’

304 3732 373 3781 Non.
389 3732 591 3780 1611173341.
627 3731 671 3780 Cf.
691 3733 774 3780 etiam
793 3731 919 3796 prolegg.
932 3748 957 3797 p.
971 3735 1003 3782 47
1016 3748 1042 3781 n.
1078 3733 1140 3781 Hoc
1158 3732 1187 3780 in
1204 3731 1301 3781 libello
1321 3731 1353 3781 in
1370 3748 1430 3782 rem

305 3801 447 3848 metricam
466 3797 610 3847 deuersum
629 3814 689 3848 esse
709 3798 841 3861 uidemus,
854 3801 883 3849 in
896 3814 949 3864 quo
968 3800 1065 3850 eadem
1083 3814 1190 3864 quoque
1209 3803 1333 3849 tractata
1351 3804 1430 3863 puto,

305 3867 338 3916 de
358 3866 456 3929 quibus
475 3882 489 3915 e
507 3866 578 3915 libro
596 3868 634 3916 IV
658 3864 723 3929 (non
741 3866 806 3928 VII)
830 3867 961 3917 librorum
984 3868 1017 3917 de
1041 3883 1167 3918 sermone
1185 3867 1287 3917 Latino
1310 3866 1431 3917 Rufinus

305 3939 333 3985 et
345 3933 495 3995 Diomedes
513 3934 588 3983 locos
607 3939 769 3996 seruarunt;
795 3934 828 3984 de
848 3936 948 4000 quibus
969 3937 1005 3986 cf.
1025 3935 1200 3985 Ritschelius
1219 3937 1428 3999 quaesitvarr.

304 4020 330 4068 p.
350 4006 383 4053 34
396 4018 435 4067 sq.
460 4002 615 4051 Wilmanns
634 4002 666 4052 de
685 4004 765 4054 Varr.
784 4003 863 4053 libris
882 4004 1071 4068 grammaticis
1090 4020 1116 4067 p.
1135 4005 1168 4053 69
1186 4017 1227 4067 sq.
1246 4002 1294 4067 qui
1312 4007 1432 4054 saturae

303 4071 440 4121 rationem
459 4069 562 4119 nullam
581 4070 744 4121 habuerunt.
779 4072 831 4120 His
849 4071 920 4121 locis
940 4072 973 4120 de
992 4071 1161 4136 hexametro,
1180 4070 1330 4135 quadrato,
1350 4075 1431 4121 octo-

304 4140 395 4202 nario,
414 4153 485 4188 nouo
504 4139 624 4188 iambico
642 4154 734 4201 uersu,
754 4139 924 4189 archilochio
944 4139 1045 4204 agitur.

304 4273 506 4283 *—

306 4365 317 4415 1
344 4364 381 4419 sit
403 4362 491 4420 Velie.
508 4366 574 4417 3317
598 4362 627 4419 fit
642 4365 704 4420 edd.
721 4356 735 4445 {l
751 4383 811 4421 cum
826 4367 933 4437 scripsi
955 4360 1007 4421 cur
1027 4364 1090 4419 Vct.
1115 4382 1163 4420 cur
1178 4364 1241 4419 edd.
1256 4353 1272 4442 {l
1330 4364 1431 4419 21131-

306 4447 366 4503 culc
389 4449 449 4504 Vol.
484 4450 627 4505 ridiculum
649 4442 781 4529 rcrzpsill
803 4452 876 4524 quod
898 4450 1022 4508 laborant
1050 4450 1112 4505 Vol.
1141 4449 1205 4523 qnid
1225 4449 1289 4504 cdd.
1320 4446 1433 4505 laboret

305 4533 412 4603 scripu
437 4533 563 4590 laborent
586 4527 773 4614 Oehlerusll
809 4541 824 4588 7
848 4536 973 4591 lelecium
997 4535 1084 4591 Velie.
1100 4526 1115 4613 ll
1160 4538 1190 4587 12
1210 4541 1276 4605 port
1292 4533 1383 4606 ipsum
1400 4551 1430 4589 u.

305 4618 372 4670 2837
395 4616 599 4683 lucumonem
614 4622 698 4676 talem
711 4621 777 4690 sere
792 4621 882 4675 inseri
898 4622 958 4676 auu
979 4618 1047 4695 <quo
1063 4637 1145 4693 supra
1162 4619 1211 4675 tibi
1226 4619 1344 4675 diximus
1361 4635 1431 4693 poc·
