3559 5709
335 729 375 795 76
798 737 925 796 CAPVT
954 739 976 795 ΙΙ

334 900 460 964 iunctas
492 900 661 987 diremptis
694 910 834 965 constat.
889 900 963 966 Hoc
995 902 1081 965 enim
1115 901 1248 967 dicendi
1280 923 1385 987 genus
1419 904 1452 965 in

333 1023 433 1087 prosa
454 1001 598 1066 oratione
620 1000 810 1088 plerumque
825 1003 930 1067 Varro
944 1001 1056 1083 habet,
1073 1002 1161 1088 quod
1182 1002 1300 1068 itidem
1323 1025 1367 1067 ex
1383 1004 1452 1067 imi·

332 1102 456 1168 tatione
484 1101 547 1168 sibi
579 1103 713 1168 uidetur
745 1103 926 1167 adsciuisse
958 1105 1074 1169 Asiani
1108 1105 1278 1170 cuiusdam
1310 1104 1452 1171 rhetoris

333 1226 428 1292 quem
451 1227 488 1269 eo
511 1227 607 1268 usum
629 1226 701 1269 esse
723 1204 860 1288 scimus3
883 1204 927 1270 cf.
950 1205 1017 1269 cie.
1042 1228 1116 1292 epp.
1138 1205 1182 1270 ad
1203 1207 1274 1272 Att.
1301 1206 1372 1272 XII
1386 1214 1451 1289 6,1

333 1307 389 1393 qui
415 1314 492 1391 post
521 1306 699 1371 sententias
726 1304 824 1371 ualde
853 1306 992 1392 abrupte
1021 1307 1161 1394 scriptas
1189 1308 1313 1392 pergit:
1351 1313 1455 1373 ‘hahes

332 1414 481 1487 Hepesiue
505 1428 615 1487 penus,
647 1413 729 1487 quod
762 1414 863 1472 Varro
890 1413 1022 1472 laudat?
1045 1444 1087 1457 —
1109 1406 1220 1473 Aliam
1248 1410 1290 1474 ob
1320 1432 1454 1475 causam

331 1510 428 1574 Eum.
451 1508 593 1574 XXXII
615 1513 683 1573 ‘uix
711 1515 819 1588 sculpas
841 1516 970 1588 confluit
990 1531 1052 1575 non
1074 1516 1241 1575 Furiarum
1268 1517 1325 1576 sed
1339 1531 1452 1591 puero

332 1633 399 1677 rum
422 1622 513 1691 atque
528 1618 723 1675 ancillarum'
747 1612 812 1675 tria
826 1612 931 1676 uerba
945 1612 1058 1696 priora
1071 1610 1162 1697 poesi
1177 1634 1251 1676 oum
1265 1612 1453 1677 Ribbeckio

331 1711 463 1777 addixi:
494 1710 608 1776 addita
634 1710 691 1775 illa
712 1717 786 1776 ‘non
815 1718 984 1778 Furiarum
1011 1718 1076 1778 sed’
1110 1734 1194 1799 quae
1220 1720 1355 1799 praeter
1381 1736 1453 1778 sen-

331 1814 453 1878 tentiae
473 1813 704 1878 necessitatem
727 1822 813 1895 sunt,
837 1814 1026 1898 significant
1046 1823 1126 1901 puto
1150 1813 1215 1878 tale
1237 1813 1365 1901 aliquid
1384 1817 1454 1880 ‘uia

331 1921 441 1993 ualuas
466 1918 590 1996 confluit
609 1913 622 2001 ΙΙ
643 1916 822 1979 Furiarum’
850 1915 995 1980 Varroni
1022 1915 1056 1978 in
1082 1925 1190 1980 mente
1213 1914 1333 1998 luisse,
1363 1916 1453 2003 quod

331 2016 374 2081 ad
400 2015 488 2079 Enni
515 2015 714 2080 Eumenides
747 2015 890 2081 fortasse
923 2016 1090 2102 pertinuit.
1117 2055 1162 2065 -
1189 2015 1256 2082 Sed
1282 2017 1375 2081 Man.
1403 2018 1453 2083 VI

332 2117 515 2183 sententiae
543 2124 611 2182 ‘nec
638 2127 728 2181 nctus
755 2126 799 2180 est
825 2139 880 2182 aee
907 2124 1070 2183 morietur:
1102 2126 1184 2197 uiuet
1211 2130 1298 2199 ueoet
1324 2128 1358 2183 ut
1378 2127 1454 2199 pote

326 2224 509 2300 plurimum'
539 2240 614 2305 pars
643 2216 806 2305 posterior
827 2228 894 2284 tam
917 2220 1047 2305 poetica
1062 2220 1103 2283 in
1117 2220 1228 2287 uerbis
1246 2243 1347 2307 quam
1361 2220 1454 2307 prior

332 2331 383 2387 est
405 2319 545 2406 simplex
573 2331 606 2385 et
634 2320 677 2385 ad
700 2319 884 2385 docendum
906 2330 999 2407 apta:
1024 2343 1124 2408 quare
1146 2321 1364 2409 posteriorem
1391 2344 1451 2409 pro

330 2431 424 2510 parte
446 2421 630 2487 hexametri
651 2422 756 2487 habeo
773 2444 791 2485 e
806 2421 949 2486 carmine
970 2421 1079 2508 aliquo
1095 2421 1293 2488 didascalico
1309 2432 1451 2509 sumpte.

330 2525 473 2606 Περιπλ.
496 2525 547 2605 11,
570 2523 607 2588 ΙΙ
629 2529 748 2603 ‘panta
774 2520 902 2605 πέμμα,
931 2530 1053 2602 lucane,
1083 2530 1168 2590 cibas
1195 2530 1249 2604 qui
1269 2531 1454 2604 parissimus
1484 2547 1486 2551 ·

331 2631 423 2690 multo
446 2633 500 2688 cst'
524 2632 556 2688 et
578 2627 700 2706 Σκιαμ.
723 2622 760 2688 Π
782 2631 911 2703 ‘uinum
942 2622 1068 2708 πέμμα,
1097 2633 1216 2691 lucunc'
1241 2647 1312 2712 sqq.
1335 2627 1452 2692 uerbo-

330 2749 404 2790 rum
424 2726 491 2790 iam
512 2723 679 2811 parilitate
701 2725 743 2788 ad
759 2723 892 2812 aliquod
908 2724 1092 2813 exemplum
1106 2726 1280 2792 referenda
1294 2749 1330 2792 se
1345 2736 1453 2793 osten·

253 2816 256 2822 ¹
332 2827 424 2911 dunt,
448 2826 539 2892 cuius
562 2826 670 2893 locum
691 2826 854 2893 Lucilium
876 2828 1057 2894 obtinuisse
1072 2829 1143 2892 ueri
1166 2839 1216 2895 est
1239 2828 1451 2911 simillimum,

331 2929 383 2993 cui
411 2938 515 2995 totum
542 2927 721 3011 Περιπλοῦ
750 2929 980 2994 hexametrum
1013 2929 1182 3011 dabimus3
1215 2928 1312 2994 huius
1342 2939 1453 2995 autem

330 3031 506 3116 fragmenti
527 3029 656 3117 reliqua
681 3053 759 3117 pars
787 3029 951 3117 pedestris
974 3053 1063 3113 esse,
1090 3031 1119 3094 si
1145 3052 1277 3095 uersum
1304 3032 1451 3097 concedi·

330 3153 403 3195 mus
425 3132 573 3197 adlatum
602 3154 673 3196 esse
701 3131 885 3214 eLucilio,
916 3155 989 3198 cum
1016 3134 1052 3196 in
1081 3141 1221 3197 metrum
1247 3154 1313 3197 non
1340 3131 1451 3213 cadat,

330 3230 428 3296 facile
450 3232 657 3316 conceditur3
681 3233 716 3295 in
732 3219 922 3319 Σκιαμαχία
944 3243 1053 3299 autem
1075 3232 1214 3298 eandem
1233 3255 1351 3299 uersus
1378 3256 1451 3320 par-

330 3345 395 3398 tem
416 3333 527 3399 uerbis
549 3333 652 3400 libere
674 3334 808 3399 mutatis
831 3335 867 3397 in
888 3334 998 3400 locum
1019 3335 1208 3400 hexametro
1231 3336 1453 3422 conscriptum

329 3436 446 3518 infert,
475 3434 587 3523 quales
610 3436 808 3503 mutationes
837 3436 938 3501 etiam
958 3436 1100 3522 Endym.
1123 3436 1189 3516 VI,
1219 3439 1366 3518 Κοσμοτ.
1388 3437 1451 3520 VI,

330 3538 410 3621 Leg.
434 3537 543 3601 Maen.
559 3538 619 3619 VI,
640 3537 730 3603 Man.
749 3538 833 3603 XIV
850 3547 883 3602 et
904 3538 1079 3625 praecipue
1101 3539 1211 3604 Prom.v
1232 3537 1289 3603 lib.
1305 3538 1356 3603 VI
1378 3539 1452 3626 (ubi

329 3637 383 3702 uel
405 3648 545 3703 metrum
567 3638 767 3704 trochaicum
788 3640 824 3703 in
846 3640 994 3705 senarios
1016 3639 1174 3714 iambicos
1197 3639 1352 3723 mutauit)
1377 3661 1451 3704 eum

330 3740 449 3803 fecisse
470 3738 620 3803 uidemus
644 3740 795 3827 quodque
818 3750 943 3806 certam
969 3763 1125 3805 uersuum
1147 3742 1372 3827 insperserum
1399 3762 1452 3805 co·
1490 3772 1494 3780 ·

329 3840 509 3928 guiticnem
523 3838 625 3905 multo
642 3839 859 3907 difficiliorem
874 3842 992 3908 reddit.
1032 3842 1134 3907 Porro
1156 3851 1189 3907 et
1212 3842 1341 3907 senario
1365 3864 1452 3909 com·

329 3942 472 4030 positum
494 3942 704 4029 prouerbium
720 3943 883 4009 Graecum
905 3943 1051 4029 pedestri
1074 3945 1217 4010 sermoni
1230 3942 1452 4029 Papiap.XV

225 4090 227 4094 -
329 4045 567 4110 Immiscuitet
594 4045 712 4129 tragici
739 4045 858 4111 Graeci
885 4043 996 4110 nescio
1031 4045 1123 4109 cuius
1151 4043 1394 4109 hemistichium
1422 4046 1453 4110 si

330 4155 418 4212 recte
441 4145 613 4212 emendaui
634 4144 731 4231 Ταφῇ
751 4150 839 4209 Μεν.
861 4146 914 4211 XI
935 4144 1075 4228 reddidi,
1099 4147 1218 4233 quibus
1241 4129 1364 4229 Eripe}
1386 4148 1416 4211 t.
1433 4146 1452 4211 Ι

331 4248 451 4314 senarii
472 4247 587 4314 comici
609 4257 736 4334 partem
753 4247 874 4313 Graeci
895 4248 1049 4313 accedere
1071 4258 1163 4334 puto.
1201 4247 1374 4337 'Graecum
1395 4246 1452 4313 de-

197 4418 201 4425 ,
255 4392 257 4397 -
329 4349 429 4435 nique
443 4348 663 4435 septenarium
686 4350 742 4435 qui
763 4348 980 4435 prouerbialis
1001 4349 1081 4413 mihi
1102 4349 1243 4430 uidetur,
1260 4349 1328 4413 suis
1343 4348 1452 4435 ipsius

330 4448 480 4515 uersibus
498 4441 571 4514 Ὃν.
593 4444 757 4535 aaaxv
784 4450 933 4515 inseruit.
983 4450 1185 4516 Breuissima
1212 4457 1323 4514 autem
1351 4471 1452 4536 quae·

331 4550 408 4615 dam
430 4549 560 4616 Graeca
585 4551 679 4617 uelut
710 4552 819 4614 πίνων
847 4550 949 4626 δέπας
976 4552 1053 4637 (Est
1079 4573 1122 4613 m.
1146 4551 1298 4637 m.111)‚
1329 4540 1453 4634 μικρὸν

331 4648 430 4734 κρέας
454 4652 557 4737 (Man.
579 4653 680 4739 VIII)
704 4651 886 4739 similiaque
908 4663 1020 4719 utrum
1042 4674 1085 4718 ex
1106 4652 1181 4717 aliis
1209 4651 1388 4738 sumpserit
1408 4673 1454 4717 an
