<?xml version="1.0" encoding="UTF-8"?>
<!DOCTYPE html PUBLIC "-//W3C//DTD XHTML 1.0 Transitional//EN"
    "http://www.w3.org/TR/xhtml1/DTD/xhtml1-transitional.dtd">
<html xmlns="http://www.w3.org/1999/xhtml" xml:lang="en" lang="en">
 <head>
  <title>
</title>
<meta http-equiv="Content-Type" content="text/html;charset=utf-8" />
  <meta name='ocr-system' content='tesseract 3.04.00' />
  <meta name='ocr-capabilities' content='ocr_page ocr_carea ocr_par ocr_line ocrx_word'/>
</head>
<body>
  <div class='ocr_page' id='page_1' title='image "./saturarummenipp00riesgoog_0085.png"; bbox 0 0 3559 5709; ppageno 0'>
   <div class='ocr_carea' id='block_1_1' title="bbox 695 687 1337 750">
    <p class='ocr_par' dir='ltr' id='par_1_1' title="bbox 695 687 1337 750">
     <span class='ocr_line' id='line_1_1' title="bbox 695 687 1337 750; baseline 0 -1"><span class='ocrx_word' id='word_1_1' title='bbox 695 692 824 749; x_wconf 77' lang='lat' dir='ltr'><strong>CAPVT</strong></span> <span class='ocrx_word' id='word_1_2' title='bbox 848 694 870 749; x_wconf 97' lang='lat' dir='ltr'><strong>ll</strong></span> <span class='ocrx_word' id='word_1_3' title='bbox 1296 687 1337 750; x_wconf 82' lang='lat' dir='ltr'><strong>(il</strong></span> 
     </span>
    </p>
   </div>
   <div class='ocr_carea' id='block_1_2' title="bbox 186 852 1438 3483">
    <p class='ocr_par' dir='ltr' id='par_1_2' title="bbox 186 852 1438 3483">
     <span class='ocr_line' id='line_1_2' title="bbox 219 852 1438 939; baseline 0.002 -20"><span class='ocrx_word' id='word_1_4' title='bbox 219 876 294 919; x_wconf 87' lang='lat' dir='ltr'><strong>esse</strong></span> <span class='ocrx_word' id='word_1_5' title='bbox 317 853 464 919; x_wconf 83' lang='lat' dir='ltr'><strong>dolemus</strong></span> <span class='ocrx_word' id='word_1_6' title='bbox 494 863 528 919; x_wconf 91' lang='lat' dir='ltr'><strong>et</strong></span> <span class='ocrx_word' id='word_1_7' title='bbox 549 852 733 919; x_wconf 87' lang='lat' dir='ltr'><strong>Dosultorii</strong></span> <span class='ocrx_word' id='word_1_8' title='bbox 755 854 801 939; x_wconf 84' lang='lat' dir='ltr'><strong>fg.</strong></span> <span class='ocrx_word' id='word_1_9' title='bbox 825 855 842 918; x_wconf 91' lang='lat' dir='ltr'>I</span> <span class='ocrx_word' id='word_1_10' title='bbox 870 858 1013 931; x_wconf 76' lang='lat' dir='ltr'><strong>‘seruere</strong></span> <span class='ocrx_word' id='word_1_11' title='bbox 1028 859 1142 933; x_wconf 78' lang='lat' dir='ltr'><strong>piratis</strong></span> <span class='ocrx_word' id='word_1_12' title='bbox 1165 861 1340 935; x_wconf 80' lang='lat' dir='ltr'><strong>uariarique</strong></span> <span class='ocrx_word' id='word_1_13' title='bbox 1436 882 1438 887; x_wconf 93' lang='lat'><em>·</em></span> 
     </span>
     <span class='ocr_line' id='line_1_3' title="bbox 220 954 1340 1043; baseline -0.001 -22"><span class='ocrx_word' id='word_1_14' title='bbox 220 963 323 1021; x_wconf 86' lang='lat' dir='ltr'><strong>omnia</strong></span> <span class='ocrx_word' id='word_1_15' title='bbox 345 962 473 1022; x_wconf 83' lang='lat' dir='ltr'><strong>circum&#39;</strong></span> <span class='ocrx_word' id='word_1_16' title='bbox 496 978 560 1042; x_wconf 91' lang='lat' dir='ltr'><strong>quo</strong></span> <span class='ocrx_word' id='word_1_17' title='bbox 583 954 654 1020; x_wconf 85' lang='lat' dir='ltr'><strong>loeo</strong></span> <span class='ocrx_word' id='word_1_18' title='bbox 679 961 829 1021; x_wconf 71' lang='lat' dir='ltr'><strong>‘breuiore</strong></span> <span class='ocrx_word' id='word_1_19' title='bbox 851 967 979 1021; x_wconf 78' lang='lat' dir='ltr'><strong>accentu</strong></span> <span class='ocrx_word' id='word_1_20' title='bbox 995 956 1139 1032; x_wconf 66' lang='lat' dir='ltr'><strong>seruire&#39;</strong></span> <span class='ocrx_word' id='word_1_21' title='bbox 1163 956 1340 1043; x_wconf 83' lang='lat' dir='ltr'><strong>legendum</strong></span> 
     </span>
     <span class='ocr_line' id='line_1_4' title="bbox 218 1056 1339 1145; baseline 0.001 -24"><span class='ocrx_word' id='word_1_22' title='bbox 218 1057 347 1122; x_wconf 87' lang='lat' dir='ltr'><strong>Nonius</strong></span> <span class='ocrx_word' id='word_1_23' title='bbox 363 1082 395 1145; x_wconf 93' lang='lat' dir='ltr'><strong>p.</strong></span> <span class='ocrx_word' id='word_1_24' title='bbox 413 1066 486 1140; x_wconf 89' lang='lat'><strong>503,</strong></span> <span class='ocrx_word' id='word_1_25' title='bbox 504 1065 543 1127; x_wconf 89' lang='lat'><strong>13</strong></span> <span class='ocrx_word' id='word_1_26' title='bbox 567 1057 741 1144; x_wconf 80' lang='lat' dir='ltr'><strong>praeeipit3</strong></span> <span class='ocrx_word' id='word_1_27' title='bbox 766 1079 861 1142; x_wconf 87' lang='lat' dir='ltr'><strong>quem</strong></span> <span class='ocrx_word' id='word_1_28' title='bbox 883 1056 990 1121; x_wconf 86' lang='lat' dir='ltr'><strong>locum</strong></span> <span class='ocrx_word' id='word_1_29' title='bbox 1012 1056 1066 1121; x_wconf 86' lang='lat' dir='ltr'><strong>uel</strong></span> <span class='ocrx_word' id='word_1_30' title='bbox 1082 1058 1150 1122; x_wconf 87' lang='lat' dir='ltr'><strong>sine</strong></span> <span class='ocrx_word' id='word_1_31' title='bbox 1172 1058 1234 1124; x_wconf 88' lang='lat' dir='ltr'><strong>hoo</strong></span> <span class='ocrx_word' id='word_1_32' title='bbox 1248 1059 1339 1124; x_wconf 90' lang='lat' dir='ltr'><strong>tosti·</strong></span> 
     </span>
     <span class='ocr_line' id='line_1_5' title="bbox 218 1158 1339 1247; baseline 0.004 -25"><span class='ocrx_word' id='word_1_33' title='bbox 218 1159 330 1225; x_wconf 92' lang='lat' dir='ltr'><strong>monio</strong></span> <span class='ocrx_word' id='word_1_34' title='bbox 362 1159 514 1227; x_wconf 88' lang='lat' dir='ltr'><strong>uersibus</strong></span> <span class='ocrx_word' id='word_1_35' title='bbox 549 1158 831 1225; x_wconf 89' lang='lat' dir='ltr'><strong>adnumerandum</strong></span> <span class='ocrx_word' id='word_1_36' title='bbox 861 1159 966 1224; x_wconf 88' lang='lat' dir='ltr'><strong>fuisse</strong></span> <span class='ocrx_word' id='word_1_37' title='bbox 999 1158 1088 1223; x_wconf 87' lang='lat' dir='ltr'><strong>infra</strong></span> <span class='ocrx_word' id='word_1_38' title='bbox 1120 1160 1339 1247; x_wconf 78' lang='lat' dir='ltr'><strong>explicabo.¹)</strong></span> 
     </span>
     <span class='ocr_line' id='line_1_6' title="bbox 218 1253 1340 1328; baseline 0.003 -4"><span class='ocrx_word' id='word_1_39' title='bbox 218 1261 317 1326; x_wconf 86' lang='lat' dir='ltr'><strong>Nune</strong></span> <span class='ocrx_word' id='word_1_40' title='bbox 338 1284 418 1328; x_wconf 90' lang='lat' dir='ltr'><strong>uero</strong></span> <span class='ocrx_word' id='word_1_41' title='bbox 441 1284 557 1326; x_wconf 91' lang='lat' dir='ltr'><strong>uersus</strong></span> <span class='ocrx_word' id='word_1_42' title='bbox 580 1260 678 1326; x_wconf 91' lang='lat' dir='ltr'><strong>nullis</strong></span> <span class='ocrx_word' id='word_1_43' title='bbox 707 1271 856 1326; x_wconf 85' lang='lat' dir='ltr'><strong>ueterum</strong></span> <span class='ocrx_word' id='word_1_44' title='bbox 883 1253 1079 1326; x_wconf 76' lang='lat' dir='ltr'><strong>testimoniis</strong></span> <span class='ocrx_word' id='word_1_45' title='bbox 1108 1270 1197 1327; x_wconf 87' lang='lat' dir='ltr'><strong>tutos</strong></span> <span class='ocrx_word' id='word_1_46' title='bbox 1227 1282 1340 1327; x_wconf 86' lang='lat' dir='ltr'><strong>eruere</strong></span> 
     </span>
     <span class='ocr_line' id='line_1_7' title="bbox 217 1362 1339 1451; baseline 0 -24"><span class='ocrx_word' id='word_1_47' title='bbox 217 1364 268 1428; x_wconf 84' lang='lat' dir='ltr'><strong>ita</strong></span> <span class='ocrx_word' id='word_1_48' title='bbox 294 1363 467 1451; x_wconf 84' lang='lat' dir='ltr'><strong>incipiam,</strong></span> <span class='ocrx_word' id='word_1_49' title='bbox 480 1435 483 1440; x_wconf 49' lang='lat'>‚</span> <span class='ocrx_word' id='word_1_50' title='bbox 496 1372 533 1432; x_wconf 89' lang='lat' dir='ltr'><strong>ut</strong></span> <span class='ocrx_word' id='word_1_51' title='bbox 560 1363 703 1449; x_wconf 86' lang='lat' dir='ltr'><strong>primum</strong></span> <span class='ocrx_word' id='word_1_52' title='bbox 732 1364 940 1448; x_wconf 87' lang='lat' dir='ltr'><strong>omniumque</strong></span> <span class='ocrx_word' id='word_1_53' title='bbox 970 1364 1189 1428; x_wconf 83' lang='lat' dir='ltr'><strong>certissimum</strong></span> <span class='ocrx_word' id='word_1_54' title='bbox 1209 1362 1271 1427; x_wconf 87' lang='lat' dir='ltr'><strong>hoo</strong></span> <span class='ocrx_word' id='word_1_55' title='bbox 1292 1363 1339 1427; x_wconf 92' lang='lat' dir='ltr'><strong>in-</strong></span> 
     </span>
     <span class='ocr_line' id='line_1_8' title="bbox 219 1464 1339 1552; baseline 0.001 -25"><span class='ocrx_word' id='word_1_56' title='bbox 219 1464 343 1529; x_wconf 88' lang='lat' dir='ltr'><strong>dicium</strong></span> <span class='ocrx_word' id='word_1_57' title='bbox 364 1464 547 1552; x_wconf 85' lang='lat' dir='ltr'><strong>proferam,</strong></span> <span class='ocrx_word' id='word_1_58' title='bbox 577 1464 736 1551; x_wconf 86' lang='lat' dir='ltr'><strong>epitheta,</strong></span> <span class='ocrx_word' id='word_1_59' title='bbox 761 1487 973 1552; x_wconf 87' lang='lat' dir='ltr'><strong>quaecunque</strong></span> <span class='ocrx_word' id='word_1_60' title='bbox 995 1464 1177 1530; x_wconf 83' lang='lat' dir='ltr'><strong>exornandi</strong></span> <span class='ocrx_word' id='word_1_61' title='bbox 1199 1474 1339 1531; x_wconf 88' lang='lat' dir='ltr'><strong>tantum-</strong></span> 
     </span>
     <span class='ocr_line' id='line_1_9' title="bbox 217 1565 1339 1653; baseline 0 -23"><span class='ocrx_word' id='word_1_62' title='bbox 217 1565 318 1632; x_wconf 84' lang='lat' dir='ltr'><strong>modo</strong></span> <span class='ocrx_word' id='word_1_63' title='bbox 342 1588 444 1631; x_wconf 84' lang='lat' dir='ltr'><strong>oausa</strong></span> <span class='ocrx_word' id='word_1_64' title='bbox 472 1566 688 1631; x_wconf 86' lang='lat' dir='ltr'><strong>substantiuis</strong></span> <span class='ocrx_word' id='word_1_65' title='bbox 718 1568 784 1631; x_wconf 89' lang='lat' dir='ltr'><strong>sint</strong></span> <span class='ocrx_word' id='word_1_66' title='bbox 813 1568 981 1653; x_wconf 86' lang='lat' dir='ltr'><strong>apposita,</strong></span> <span class='ocrx_word' id='word_1_67' title='bbox 1012 1566 1199 1651; x_wconf 85' lang='lat' dir='ltr'><strong>fragmenta</strong></span> <span class='ocrx_word' id='word_1_68' title='bbox 1220 1566 1339 1653; x_wconf 92' lang='lat' dir='ltr'><strong>quibus</strong></span> 
     </span>
     <span class='ocr_line' id='line_1_10' title="bbox 217 1667 1339 1755; baseline 0 -24"><span class='ocrx_word' id='word_1_69' title='bbox 217 1667 323 1731; x_wconf 82' lang='lat' dir='ltr'><strong>insint</strong></span> <span class='ocrx_word' id='word_1_70' title='bbox 354 1668 504 1755; x_wconf 88' lang='lat' dir='ltr'><strong>partibus</strong></span> <span class='ocrx_word' id='word_1_71' title='bbox 538 1668 675 1755; x_wconf 79' lang='lat' dir='ltr'><strong>poeticis</strong></span> <span class='ocrx_word' id='word_1_72' title='bbox 714 1669 783 1733; x_wconf 89' lang='lat' dir='ltr'><strong>sine</strong></span> <span class='ocrx_word' id='word_1_73' title='bbox 818 1667 887 1732; x_wconf 89' lang='lat' dir='ltr'><strong>ulla</strong></span> <span class='ocrx_word' id='word_1_74' title='bbox 920 1668 1128 1734; x_wconf 80' lang='lat' dir='ltr'><strong>dubitatione</strong></span> <span class='ocrx_word' id='word_1_75' title='bbox 1159 1668 1339 1732; x_wconf 81' lang='lat' dir='ltr'><strong>uindicare.</strong></span> 
     </span>
     <span class='ocr_line' id='line_1_11' title="bbox 219 1769 1339 1857; baseline 0 -25"><span class='ocrx_word' id='word_1_76' title='bbox 219 1769 332 1850; x_wconf 82' lang='lat' dir='ltr'><strong>Quare</strong></span> <span class='ocrx_word' id='word_1_77' title='bbox 355 1769 488 1835; x_wconf 86' lang='lat' dir='ltr'><strong>Andab.</strong></span> <span class='ocrx_word' id='word_1_78' title='bbox 516 1769 562 1855; x_wconf 83' lang='lat' dir='ltr'><strong>fg.</strong></span> <span class='ocrx_word' id='word_1_79' title='bbox 586 1769 654 1834; x_wconf 88' lang='lat' dir='ltr'><strong>VII</strong></span> <span class='ocrx_word' id='word_1_80' title='bbox 690 1778 826 1857; x_wconf 90' lang='lat' dir='ltr'><strong>propter</strong></span> <span class='ocrx_word' id='word_1_81' title='bbox 857 1790 956 1834; x_wconf 85' lang='lat' dir='ltr'><strong>uooes</strong></span> <span class='ocrx_word' id='word_1_82' title='bbox 994 1775 1216 1836; x_wconf 73' lang='lat' dir='ltr'><strong>‘condidam</strong></span> <span class='ocrx_word' id='word_1_83' title='bbox 1248 1773 1339 1833; x_wconf 82' lang='lat' dir='ltr'><strong>lucio’</strong></span> 
     </span>
     <span class='ocr_line' id='line_1_12' title="bbox 215 1870 1339 1958; baseline 0 -24"><span class='ocrx_word' id='word_1_84' title='bbox 215 1871 284 1935; x_wconf 88' lang='lat' dir='ltr'><strong>iam</strong></span> <span class='ocrx_word' id='word_1_85' title='bbox 318 1893 418 1957; x_wconf 85' lang='lat' dir='ltr'><strong>supra</strong></span> <span class='ocrx_word' id='word_1_86' title='bbox 445 1872 538 1958; x_wconf 84' lang='lat' dir='ltr'><strong>poesi</strong></span> <span class='ocrx_word' id='word_1_87' title='bbox 566 1870 699 1953; x_wconf 83' lang='lat' dir='ltr'><strong>addixi,</strong></span> <span class='ocrx_word' id='word_1_88' title='bbox 733 1871 883 1958; x_wconf 88' lang='lat' dir='ltr'><strong>idemque</strong></span> <span class='ocrx_word' id='word_1_89' title='bbox 905 1870 988 1937; x_wconf 90' lang='lat' dir='ltr'><strong>illud</strong></span> <span class='ocrx_word' id='word_1_90' title='bbox 1017 1877 1218 1937; x_wconf 74' lang='lat' dir='ltr'><strong>‘condirier‘</strong></span> <span class='ocrx_word' id='word_1_91' title='bbox 1237 1877 1339 1936; x_wconf 82' lang='lat' dir='ltr'><strong>lactis’</strong></span> 
     </span>
     <span class='ocr_line' id='line_1_13' title="bbox 216 1972 1339 2060; baseline -0.003 -23"><span class='ocrx_word' id='word_1_92' title='bbox 216 1973 333 2037; x_wconf 75' lang='grc' dir='ltr'><strong><em>Γνῶθ.</em></strong></span> <span class='ocrx_word' id='word_1_93' title='bbox 350 1986 379 2035; x_wconf 80' lang='lat' dir='ltr'><strong>o.</strong></span> <span class='ocrx_word' id='word_1_94' title='bbox 396 1972 451 2037; x_wconf 90' lang='lat' dir='ltr'><strong>HI</strong></span> <span class='ocrx_word' id='word_1_95' title='bbox 472 1972 637 2059; x_wconf 79' lang='lat' dir='ltr'><strong>poeticum</strong></span> <span class='ocrx_word' id='word_1_96' title='bbox 659 1972 780 2055; x_wconf 86' lang='lat' dir='ltr'><strong>reddit,</strong></span> <span class='ocrx_word' id='word_1_97' title='bbox 803 1995 910 2060; x_wconf 88' lang='lat' dir='ltr'><strong>neque</strong></span> <span class='ocrx_word' id='word_1_98' title='bbox 933 1972 1029 2038; x_wconf 88' lang='lat' dir='ltr'><strong>aliter</strong></span> <span class='ocrx_word' id='word_1_99' title='bbox 1050 1995 1102 2037; x_wconf 87' lang='lat' dir='ltr'><strong>res</strong></span> <span class='ocrx_word' id='word_1_100' title='bbox 1126 1996 1160 2038; x_wconf 87' lang='lat' dir='ltr'><strong>se</strong></span> <span class='ocrx_word' id='word_1_101' title='bbox 1182 1972 1283 2038; x_wconf 87' lang='lat' dir='ltr'><strong>habet</strong></span> <span class='ocrx_word' id='word_1_102' title='bbox 1305 1972 1339 2035; x_wconf 92' lang='lat' dir='ltr'><strong>in</strong></span> 
     </span>
     <span class='ocr_line' id='line_1_14' title="bbox 186 2073 1337 2160; baseline 0 -22"><span class='ocrx_word' id='word_1_103' title='bbox 186 2104 191 2111; x_wconf 90' lang='lat'><strong>·</strong></span> <span class='ocrx_word' id='word_1_104' title='bbox 217 2080 371 2155; x_wconf 75' lang='lat' dir='ltr'><strong>‘tepido</strong></span> <span class='ocrx_word' id='word_1_105' title='bbox 397 2080 496 2139; x_wconf 81' lang='lat' dir='ltr'><strong>lacie&#39;</strong></span> <span class='ocrx_word' id='word_1_106' title='bbox 530 2075 633 2141; x_wconf 88' lang='lat' dir='ltr'><strong>Abor.</strong></span> <span class='ocrx_word' id='word_1_107' title='bbox 662 2075 708 2139; x_wconf 90' lang='lat'><strong>11.</strong></span> <span class='ocrx_word' id='word_1_108' title='bbox 752 2075 823 2138; x_wconf 88' lang='lat' dir='ltr'><strong>Iam</strong></span> <span class='ocrx_word' id='word_1_109' title='bbox 851 2097 931 2140; x_wconf 91' lang='lat' dir='ltr'><strong>uero</strong></span> <span class='ocrx_word' id='word_1_110' title='bbox 959 2084 1117 2160; x_wconf 88' lang='lat' dir='ltr'><strong>utquam</strong></span> <span class='ocrx_word' id='word_1_111' title='bbox 1142 2073 1337 2140; x_wconf 84' lang='lat' dir='ltr'><strong>breuissime</strong></span> 
     </span>
     <span class='ocr_line' id='line_1_15' title="bbox 215 2174 1338 2263; baseline -0.001 -23"><span class='ocrx_word' id='word_1_112' title='bbox 215 2198 289 2241; x_wconf 92' lang='lat' dir='ltr'><strong>rem</strong></span> <span class='ocrx_word' id='word_1_113' title='bbox 311 2174 473 2240; x_wconf 88' lang='lat' dir='ltr'><strong>adfinem</strong></span> <span class='ocrx_word' id='word_1_114' title='bbox 495 2178 683 2263; x_wconf 80' lang='lat' dir='ltr'><strong>perducam,</strong></span> <span class='ocrx_word' id='word_1_115' title='bbox 706 2175 794 2242; x_wconf 89' lang='lat' dir='ltr'><strong>locos</strong></span> <span class='ocrx_word' id='word_1_116' title='bbox 816 2175 916 2241; x_wconf 89' lang='lat' dir='ltr'><strong>nullis</strong></span> <span class='ocrx_word' id='word_1_117' title='bbox 939 2176 1119 2242; x_wconf 81' lang='lat' dir='ltr'><strong>interiectis</strong></span> <span class='ocrx_word' id='word_1_118' title='bbox 1144 2175 1338 2260; x_wconf 84' lang='lat' dir='ltr'><strong>ambagibus</strong></span> 
     </span>
     <span class='ocr_line' id='line_1_16' title="bbox 216 2278 1339 2365; baseline -0.002 -23"><span class='ocrx_word' id='word_1_119' title='bbox 216 2278 435 2359; x_wconf 88' lang='lat' dir='ltr'><strong>enumerab0,</strong></span> <span class='ocrx_word' id='word_1_120' title='bbox 470 2300 551 2365; x_wconf 88' lang='lat' dir='ltr'><strong>quos</strong></span> <span class='ocrx_word' id='word_1_121' title='bbox 580 2287 714 2365; x_wconf 89' lang='lat' dir='ltr'><strong>propter</strong></span> <span class='ocrx_word' id='word_1_122' title='bbox 743 2278 890 2365; x_wconf 89' lang='lat' dir='ltr'><strong>epitheta</strong></span> <span class='ocrx_word' id='word_1_123' title='bbox 919 2278 1071 2344; x_wconf 89' lang='lat' dir='ltr'><strong>ornantia</strong></span> <span class='ocrx_word' id='word_1_124' title='bbox 1098 2278 1243 2364; x_wconf 84' lang='lat' dir='ltr'><strong>poeticos</strong></span> <span class='ocrx_word' id='word_1_125' title='bbox 1267 2299 1339 2341; x_wconf 87' lang='lat' dir='ltr'><strong>esse</strong></span> 
     </span>
     <span class='ocr_line' id='line_1_17' title="bbox 217 2377 1338 2467; baseline -0.002 -24"><span class='ocrx_word' id='word_1_126' title='bbox 217 2379 395 2463; x_wconf 73' lang='lat' dir='ltr'><strong>contendo,</strong></span> <span class='ocrx_word' id='word_1_127' title='bbox 423 2402 489 2467; x_wconf 87' lang='lat' dir='ltr'><strong>qua</strong></span> <span class='ocrx_word' id='word_1_128' title='bbox 510 2381 545 2444; x_wconf 89' lang='lat' dir='ltr'><strong>in</strong></span> <span class='ocrx_word' id='word_1_129' title='bbox 566 2402 601 2444; x_wconf 91' lang='lat' dir='ltr'><strong>re</strong></span> <span class='ocrx_word' id='word_1_130' title='bbox 624 2380 667 2445; x_wconf 89' lang='lat' dir='ltr'><strong>ab</strong></span> <span class='ocrx_word' id='word_1_131' title='bbox 690 2380 909 2465; x_wconf 79' lang='lat' dir='ltr'><strong>Aboriginum</strong></span> <span class='ocrx_word' id='word_1_132' title='bbox 936 2377 993 2442; x_wconf 94' lang='lat' dir='ltr'><strong>illo</strong></span> <span class='ocrx_word' id='word_1_133' title='bbox 1022 2385 1141 2460; x_wconf 74' lang='lat' dir='ltr'><strong>‘tepido</strong></span> <span class='ocrx_word' id='word_1_134' title='bbox 1163 2385 1263 2443; x_wconf 81' lang='lat' dir='ltr'><strong>locie&#39;</strong></span> <span class='ocrx_word' id='word_1_135' title='bbox 1291 2378 1338 2442; x_wconf 92' lang='lat' dir='ltr'><strong>in-</strong></span> 
     </span>
     <span class='ocr_line' id='line_1_18' title="bbox 216 2480 1338 2568; baseline -0.002 -22"><span class='ocrx_word' id='word_1_136' title='bbox 216 2481 317 2568; x_wconf 81' lang='lat' dir='ltr'><strong>cipio.</strong></span> <span class='ocrx_word' id='word_1_137' title='bbox 345 2518 388 2531; x_wconf 89' lang='lat'>-</span> <span class='ocrx_word' id='word_1_138' title='bbox 421 2480 574 2548; x_wconf 88' lang='lat' dir='ltr'><strong>Aethrio:</strong></span> <span class='ocrx_word' id='word_1_139' title='bbox 599 2487 804 2562; x_wconf 74' lang='lat' dir='ltr'><strong>‘aquatilis</strong></span> <span class='ocrx_word' id='word_1_140' title='bbox 831 2488 1064 2562; x_wconf 78' lang='lat' dir='ltr'><strong>querquetotae’</strong></span> <span class='ocrx_word' id='word_1_141' title='bbox 1088 2489 1121 2545; x_wconf 88' lang='lat' dir='ltr'><strong>et</strong></span> <span class='ocrx_word' id='word_1_142' title='bbox 1148 2484 1338 2559; x_wconf 58' lang='lat' dir='ltr'><strong>‘frigidos</strong></span> 
     </span>
     <span class='ocr_line' id='line_1_19' title="bbox 216 2581 1339 2667; baseline -0.004 -18"><span class='ocrx_word' id='word_1_143' title='bbox 216 2590 334 2650; x_wconf 79' lang='lat' dir='ltr'><strong>nimbos</strong></span> <span class='ocrx_word' id='word_1_144' title='bbox 366 2590 571 2650; x_wconf 75' lang='lat' dir='ltr'><strong>audaciter</strong></span> <span class='ocrx_word' id='word_1_145' title='bbox 602 2591 740 2649; x_wconf 66' lang='lat' dir='ltr'><strong>ruentis!</strong></span> <span class='ocrx_word' id='word_1_146' title='bbox 774 2622 817 2633; x_wconf 80' lang='lat'>—</span> <span class='ocrx_word' id='word_1_147' title='bbox 852 2583 985 2667; x_wconf 79' lang='lat' dir='ltr'><strong>Agatho</strong></span> <span class='ocrx_word' id='word_1_148' title='bbox 1012 2581 1077 2647; x_wconf 90' lang='lat' dir='ltr'><strong>VI:</strong></span> <span class='ocrx_word' id='word_1_149' title='bbox 1113 2585 1339 2662; x_wconf 79' lang='lat' dir='ltr'><strong>‘multiplici</strong></span> 
     </span>
     <span class='ocr_line' id='line_1_20' title="bbox 215 2666 1336 2770; baseline -0.006 -19"><span class='ocrx_word' id='word_1_150' title='bbox 215 2693 369 2752; x_wconf 60' lang='lat' dir='ltr'><strong>scientia&amp;</strong></span> <span class='ocrx_word' id='word_1_151' title='bbox 386 2724 428 2737; x_wconf 85' lang='lat'><strong>--</strong></span> <span class='ocrx_word' id='word_1_152' title='bbox 444 2686 517 2770; x_wconf 84' lang='lat' dir='ltr'><strong>Age</strong></span> <span class='ocrx_word' id='word_1_153' title='bbox 540 2684 635 2749; x_wconf 93' lang='lat' dir='ltr'><strong>modo</strong></span> <span class='ocrx_word' id='word_1_154' title='bbox 658 2685 692 2750; x_wconf 94' lang='lat' dir='ltr'><strong>I:</strong></span> <span class='ocrx_word' id='word_1_155' title='bbox 718 2690 815 2766; x_wconf 60' lang='lat' dir='ltr'><strong>‘Arno</strong></span> <span class='ocrx_word' id='word_1_156' title='bbox 836 2692 1068 2751; x_wconf 81' lang='lat' dir='ltr'><strong>citiremem&#39;.</strong></span> <span class='ocrx_word' id='word_1_157' title='bbox 1091 2676 1239 2747; x_wconf 78' lang='lat' dir='ltr'><strong>-&#39;&#39;Aii.</strong></span> <span class='ocrx_word' id='word_1_158' title='bbox 1265 2666 1336 2746; x_wconf 78' lang='grc' dir='ltr'><strong>οὗτ.</strong></span> 
     </span>
     <span class='ocr_line' id='line_1_21' title="bbox 211 2778 1337 2872; baseline -0.003 -20"><span class='ocrx_word' id='word_1_159' title='bbox 211 2779 287 2872; x_wconf 66' lang='lat' dir='ltr'><strong>‘Ha</strong></span> <span class='ocrx_word' id='word_1_160' title='bbox 311 2789 343 2853; x_wconf 90' lang='lat' dir='ltr'><strong>I:</strong></span> <span class='ocrx_word' id='word_1_161' title='bbox 369 2794 633 2868; x_wconf 65' lang='lat' dir='ltr'><strong>‘orariumque</strong></span> <span class='ocrx_word' id='word_1_162' title='bbox 654 2795 776 2853; x_wconf 76' lang='lat' dir='ltr'><strong>maier&#39;,</strong></span> <span class='ocrx_word' id='word_1_163' title='bbox 797 2778 951 2870; x_wconf 74' lang='grc' dir='ltr'><strong><em>-”Αμμ.</em></strong></span> <span class='ocrx_word' id='word_1_164' title='bbox 967 2809 1059 2870; x_wconf 69' lang='lat' dir='ltr'><strong>usto.</strong></span> <span class='ocrx_word' id='word_1_165' title='bbox 1083 2785 1148 2850; x_wconf 92' lang='lat' dir='ltr'><strong>IV:</strong></span> <span class='ocrx_word' id='word_1_166' title='bbox 1174 2792 1253 2850; x_wconf 74' lang='lat' dir='ltr'><strong>‘eum</strong></span> <span class='ocrx_word' id='word_1_167' title='bbox 1275 2807 1337 2849; x_wconf 81' lang='lat' dir='ltr'><strong>ru·</strong></span> 
     </span>
     <span class='ocr_line' id='line_1_22' title="bbox 216 2892 1337 2969; baseline -0.005 -12"><span class='ocrx_word' id='word_1_168' title='bbox 216 2896 350 2957; x_wconf 81' lang='lat' dir='ltr'><strong>tundis</strong></span> <span class='ocrx_word' id='word_1_169' title='bbox 371 2898 467 2956; x_wconf 79' lang='lat' dir='ltr'><strong>uelitis</strong></span> <span class='ocrx_word' id='word_1_170' title='bbox 488 2896 594 2955; x_wconf 81' lang='lat' dir='ltr'><strong>leues</strong></span> <span class='ocrx_word' id='word_1_171' title='bbox 616 2897 755 2969; x_wconf 79' lang='lat' dir='ltr'><strong>parmis’</strong></span> <span class='ocrx_word' id='word_1_172' title='bbox 785 2898 818 2953; x_wconf 87' lang='lat' dir='ltr'><strong>et</strong></span> <span class='ocrx_word' id='word_1_173' title='bbox 844 2892 1023 2969; x_wconf 68' lang='lat' dir='ltr'><strong>‘quadratis</strong></span> <span class='ocrx_word' id='word_1_174' title='bbox 1043 2893 1337 2966; x_wconf 72' lang='lat' dir='ltr'><strong>multisiqnibus</strong></span> 
     </span>
     <span class='ocr_line' id='line_1_23' title="bbox 215 2988 1336 3070; baseline -0.006 -13"><span class='ocrx_word' id='word_1_175' title='bbox 215 3000 314 3057; x_wconf 84' lang='lat' dir='ltr'><strong>iecii’.</strong></span> <span class='ocrx_word' id='word_1_176' title='bbox 337 3031 380 3043; x_wconf 91' lang='lat'><em>-</em></span> <span class='ocrx_word' id='word_1_177' title='bbox 404 2991 536 3056; x_wconf 87' lang='lat' dir='ltr'><strong>Andab.</strong></span> <span class='ocrx_word' id='word_1_178' title='bbox 559 2991 627 3056; x_wconf 91' lang='lat' dir='ltr'>III:</span> <span class='ocrx_word' id='word_1_179' title='bbox 653 2998 748 3056; x_wconf 76' lang='lat' dir='ltr'><strong>‘risco</strong></span> <span class='ocrx_word' id='word_1_180' title='bbox 769 2996 907 3055; x_wconf 79' lang='lat' dir='ltr'><strong>tenaci</strong></span> <span class='ocrx_word' id='word_1_181' title='bbox 914 2999 933 3052; x_wconf 86' lang='lat'><strong>².</strong></span> <span class='ocrx_word' id='word_1_182' title='bbox 956 3028 999 3037; x_wconf 81' lang='lat'>—</span> <span class='ocrx_word' id='word_1_183' title='bbox 1020 2988 1101 3054; x_wconf 91' lang='lat' dir='ltr'><strong>ibid.</strong></span> <span class='ocrx_word' id='word_1_184' title='bbox 1126 2989 1193 3053; x_wconf 91' lang='lat' dir='ltr'><strong>VII</strong></span> <span class='ocrx_word' id='word_1_185' title='bbox 1215 2992 1261 3070; x_wconf 84' lang='lat' dir='ltr'><strong>(u.</strong></span> <span class='ocrx_word' id='word_1_186' title='bbox 1285 3010 1336 3051; x_wconf 90' lang='lat' dir='ltr'><strong>su-</strong></span> 
     </span>
     <span class='ocr_line' id='line_1_24' title="bbox 215 3084 1337 3182; baseline -0.004 -23"><span class='ocrx_word' id='word_1_187' title='bbox 215 3095 313 3182; x_wconf 88' lang='lat' dir='ltr'><strong>pra):</strong></span> <span class='ocrx_word' id='word_1_188' title='bbox 339 3099 558 3160; x_wconf 74' lang='lat' dir='ltr'><strong>‘condidam</strong></span> <span class='ocrx_word' id='word_1_189' title='bbox 580 3099 682 3158; x_wconf 83' lang='lat' dir='ltr'><strong>iacte’.</strong></span> <span class='ocrx_word' id='word_1_190' title='bbox 699 3084 968 3176; x_wconf 62' lang='lat' dir='ltr'><strong>-iivdooaoa</strong></span> <span class='ocrx_word' id='word_1_191' title='bbox 991 3091 1022 3155; x_wconf 93' lang='lat' dir='ltr'><strong>I:</strong></span> <span class='ocrx_word' id='word_1_192' title='bbox 1048 3095 1212 3155; x_wconf 73' lang='lat' dir='ltr'><strong>‘auarus</strong></span> <span class='ocrx_word' id='word_1_193' title='bbox 1229 3093 1337 3167; x_wconf 80' lang='lat' dir='ltr'><strong>soene-</strong></span> 
     </span>
     <span class='ocr_line' id='line_1_25' title="bbox 215 3191 1335 3276; baseline -0.004 -15"><span class='ocrx_word' id='word_1_194' title='bbox 215 3204 329 3261; x_wconf 84' lang='lat' dir='ltr'><strong>raior’.</strong></span> <span class='ocrx_word' id='word_1_195' title='bbox 345 3234 389 3245; x_wconf 89' lang='lat'>-</span> <span class='ocrx_word' id='word_1_196' title='bbox 408 3195 501 3260; x_wconf 88' lang='lat' dir='ltr'><strong>Arm.</strong></span> <span class='ocrx_word' id='word_1_197' title='bbox 517 3194 587 3260; x_wconf 91' lang='lat' dir='ltr'><strong>iud.</strong></span> <span class='ocrx_word' id='word_1_198' title='bbox 608 3195 658 3260; x_wconf 91' lang='lat' dir='ltr'><strong>II:</strong></span> <span class='ocrx_word' id='word_1_199' title='bbox 685 3201 800 3275; x_wconf 69' lang='lat' dir='ltr'><strong>‘diqiiis</strong></span> <span class='ocrx_word' id='word_1_200' title='bbox 818 3199 1079 3276; x_wconf 80' lang='lat' dir='ltr'><strong>primoribus’.</strong></span> <span class='ocrx_word' id='word_1_201' title='bbox 1103 3231 1146 3241; x_wconf 89' lang='lat'><em>-</em></span> <span class='ocrx_word' id='word_1_202' title='bbox 1166 3192 1251 3257; x_wconf 91' lang='lat' dir='ltr'><strong>Bim.</strong></span> <span class='ocrx_word' id='word_1_203' title='bbox 1267 3191 1335 3257; x_wconf 87' lang='lat' dir='ltr'><strong>XI:</strong></span> 
     </span>
     <span class='ocr_line' id='line_1_26' title="bbox 216 3297 1336 3378; baseline -0.005 -14"><span class='ocrx_word' id='word_1_204' title='bbox 216 3305 372 3364; x_wconf 79' lang='lat' dir='ltr'><strong>‘caelitum</strong></span> <span class='ocrx_word' id='word_1_205' title='bbox 395 3305 510 3363; x_wconf 81' lang='lat' dir='ltr'><strong>olio&#39;m</strong></span> <span class='ocrx_word' id='word_1_206' title='bbox 526 3304 689 3378; x_wconf 81' lang='lat' dir='ltr'><strong>templam&#39;.</strong></span> <span class='ocrx_word' id='word_1_207' title='bbox 706 3333 749 3343; x_wconf 83' lang='lat'><em>-</em></span> <span class='ocrx_word' id='word_1_208' title='bbox 763 3297 845 3362; x_wconf 90' lang='lat' dir='ltr'><strong>ibid.</strong></span> <span class='ocrx_word' id='word_1_209' title='bbox 861 3297 947 3362; x_wconf 87' lang='lat' dir='ltr'>XII:</span> <span class='ocrx_word' id='word_1_210' title='bbox 972 3301 1186 3360; x_wconf 75' lang='lat' dir='ltr'><strong>‘trisulcum</strong></span> <span class='ocrx_word' id='word_1_211' title='bbox 1203 3298 1336 3371; x_wconf 83' lang='lat' dir='ltr'><strong>fulmen&#39;</strong></span> 
     </span>
     <span class='ocr_line' id='line_1_27' title="bbox 215 3398 1337 3483; baseline -0.007 -16"><span class='ocrx_word' id='word_1_212' title='bbox 215 3410 252 3467; x_wconf 90' lang='lat' dir='ltr'><strong>et</strong></span> <span class='ocrx_word' id='word_1_213' title='bbox 275 3407 361 3481; x_wconf 63' lang='lat' dir='ltr'><strong>‘iani</strong></span> <span class='ocrx_word' id='word_1_214' title='bbox 382 3398 607 3483; x_wconf 81' lang='lat' dir='ltr'><strong>feruido&#39;.²)</strong></span> <span class='ocrx_word' id='word_1_215' title='bbox 639 3438 683 3450; x_wconf 90' lang='lat'>—</span> <span class='ocrx_word' id='word_1_216' title='bbox 715 3398 796 3465; x_wconf 88' lang='lat' dir='ltr'><strong>ibid.</strong></span> <span class='ocrx_word' id='word_1_217' title='bbox 825 3398 929 3464; x_wconf 81' lang='lat' dir='ltr'>XIII:</span> <span class='ocrx_word' id='word_1_218' title='bbox 960 3407 1116 3478; x_wconf 59' lang='lat' dir='ltr'><strong>‘maana</strong></span> <span class='ocrx_word' id='word_1_219' title='bbox 1143 3402 1269 3461; x_wconf 81' lang='lat' dir='ltr'><strong>Romo&#39;.</strong></span> <span class='ocrx_word' id='word_1_220' title='bbox 1304 3434 1337 3443; x_wconf 90' lang='lat'>—</span> 
     </span>
    </p>
   </div>
   <div class='ocr_carea' id='block_1_3' title="bbox 213 3619 1340 4713">
    <p class='ocr_par' dir='ltr' id='par_1_3' title="bbox 213 3619 1339 4115">
     <span class='ocr_line' id='line_1_28' title="bbox 324 3619 1339 3690; baseline -0.002 -15"><span class='ocrx_word' id='word_1_221' title='bbox 324 3625 350 3690; x_wconf 89' lang='lat'><strong>1)</strong></span> <span class='ocrx_word' id='word_1_222' title='bbox 369 3624 448 3687; x_wconf 79' lang='lat' dir='ltr'><strong>Quod</strong></span> <span class='ocrx_word' id='word_1_223' title='bbox 467 3626 540 3674; x_wconf 87' lang='lat' dir='ltr'><strong>enim</strong></span> <span class='ocrx_word' id='word_1_224' title='bbox 554 3623 661 3675; x_wconf 86' lang='lat' dir='ltr'><strong>Gellius</strong></span> <span class='ocrx_word' id='word_1_225' title='bbox 679 3624 748 3674; x_wconf 84' lang='lat' dir='ltr'>XIII</span> <span class='ocrx_word' id='word_1_226' title='bbox 766 3626 807 3686; x_wconf 82' lang='lat'><strong>22,</strong></span> <span class='ocrx_word' id='word_1_227' title='bbox 827 3624 843 3673; x_wconf 81' lang='lat'>5</span> <span class='ocrx_word' id='word_1_228' title='bbox 862 3624 947 3674; x_wconf 83' lang='lat' dir='ltr'><strong>etiam</strong></span> <span class='ocrx_word' id='word_1_229' title='bbox 965 3619 1149 3688; x_wconf 73' lang='grc' dir='ltr'><strong><em>Σκιαμαχίας</em></strong></span> <span class='ocrx_word' id='word_1_230' title='bbox 1168 3621 1206 3687; x_wconf 80' lang='lat' dir='ltr'><strong>fg.</strong></span> <span class='ocrx_word' id='word_1_231' title='bbox 1225 3620 1248 3683; x_wconf 88' lang='lat'><strong>1,</strong></span> <span class='ocrx_word' id='word_1_232' title='bbox 1268 3620 1339 3685; x_wconf 88' lang='lat' dir='ltr'><strong>quod</strong></span> 
     </span>
     <span class='ocr_line' id='line_1_29' title="bbox 214 3706 1338 3768; baseline -0.004 -8"><span class='ocrx_word' id='word_1_233' title='bbox 214 3725 319 3761; x_wconf 82' lang='lat' dir='ltr'><strong>reuera</strong></span> <span class='ocrx_word' id='word_1_234' title='bbox 340 3714 427 3760; x_wconf 85' lang='lat' dir='ltr'><strong>metro</strong></span> <span class='ocrx_word' id='word_1_235' title='bbox 451 3714 574 3768; x_wconf 83' lang='lat' dir='ltr'><strong>constat,</strong></span> <span class='ocrx_word' id='word_1_236' title='bbox 599 3709 640 3758; x_wconf 84' lang='lat' dir='ltr'><strong>ita</strong></span> <span class='ocrx_word' id='word_1_237' title='bbox 662 3709 769 3758; x_wconf 85' lang='lat' dir='ltr'><strong>inducit</strong></span> <span class='ocrx_word' id='word_1_238' title='bbox 792 3710 894 3759; x_wconf 83' lang='lat' dir='ltr'><strong>‘Varro</strong></span> <span class='ocrx_word' id='word_1_239' title='bbox 912 3734 945 3742; x_wconf 92' lang='lat'>-</span> <span class='ocrx_word' id='word_1_240' title='bbox 963 3734 995 3741; x_wconf 87' lang='lat'><em>-</em></span> <span class='ocrx_word' id='word_1_241' title='bbox 1014 3709 1076 3757; x_wconf 82' lang='lat' dir='ltr'><strong>dicii</strong></span> <span class='ocrx_word' id='word_1_242' title='bbox 1097 3710 1123 3756; x_wconf 85' lang='lat' dir='ltr'><strong>in</strong></span> <span class='ocrx_word' id='word_1_243' title='bbox 1146 3708 1185 3756; x_wconf 77' lang='lat' dir='ltr'><strong>Iris</strong></span> <span class='ocrx_word' id='word_1_244' title='bbox 1202 3706 1338 3765; x_wconf 74' lang='lat' dir='ltr'><strong>uersibm’,</strong></span> 
     </span>
     <span class='ocr_line' id='line_1_30' title="bbox 214 3769 1339 3859; baseline -0.004 -14"><span class='ocrx_word' id='word_1_245' title='bbox 214 3809 347 3845; x_wconf 87' lang='lat' dir='ltr'><strong>uersuum</strong></span> <span class='ocrx_word' id='word_1_246' title='bbox 365 3810 468 3859; x_wconf 82' lang='lat' dir='ltr'><strong>genere</strong></span> <span class='ocrx_word' id='word_1_247' title='bbox 486 3810 541 3845; x_wconf 90' lang='lat' dir='ltr'><strong>non</strong></span> <span class='ocrx_word' id='word_1_248' title='bbox 560 3794 662 3852; x_wconf 83' lang='lat' dir='ltr'><strong>addito,</strong></span> <span class='ocrx_word' id='word_1_249' title='bbox 681 3794 709 3842; x_wconf 90' lang='lat' dir='ltr'><strong>id</strong></span> <span class='ocrx_word' id='word_1_250' title='bbox 728 3794 780 3842; x_wconf 89' lang='lat' dir='ltr'><strong>hue</strong></span> <span class='ocrx_word' id='word_1_251' title='bbox 798 3793 893 3843; x_wconf 88' lang='lat' dir='ltr'><strong>ualere</strong></span> <span class='ocrx_word' id='word_1_252' title='bbox 912 3809 992 3858; x_wconf 87' lang='lat' dir='ltr'><strong>nego,</strong></span> <span class='ocrx_word' id='word_1_253' title='bbox 1013 3809 1074 3842; x_wconf 86' lang='lat' dir='ltr'><strong>oum</strong></span> <span class='ocrx_word' id='word_1_254' title='bbox 1086 3769 1258 3857; x_wconf 65' lang='grc' dir='ltr'><strong>’Τὸροκύνοξ</strong></span> <span class='ocrx_word' id='word_1_255' title='bbox 1274 3807 1339 3856; x_wconf 89' lang='lat' dir='ltr'><strong>quo·</strong></span> 
     </span>
     <span class='ocr_line' id='line_1_31' title="bbox 215 3875 1339 3945; baseline -0.004 -16"><span class='ocrx_word' id='word_1_256' title='bbox 215 3894 274 3944; x_wconf 89' lang='lat' dir='ltr'><strong>que</strong></span> <span class='ocrx_word' id='word_1_257' title='bbox 294 3880 333 3945; x_wconf 81' lang='lat' dir='ltr'><strong>fg.</strong></span> <span class='ocrx_word' id='word_1_258' title='bbox 353 3885 448 3945; x_wconf 83' lang='lat' dir='ltr'><strong>aperte</strong></span> <span class='ocrx_word' id='word_1_259' title='bbox 468 3880 595 3945; x_wconf 81' lang='lat' dir='ltr'><strong>pedestre</strong></span> <span class='ocrx_word' id='word_1_260' title='bbox 610 3895 626 3928; x_wconf 83' lang='lat' dir='ltr'>a</span> <span class='ocrx_word' id='word_1_261' title='bbox 639 3878 730 3929; x_wconf 86' lang='lat' dir='ltr'><strong>Gellio</strong></span> <span class='ocrx_word' id='word_1_262' title='bbox 743 3878 811 3928; x_wconf 92' lang='lat' dir='ltr'>XIII</span> <span class='ocrx_word' id='word_1_263' title='bbox 823 3881 863 3936; x_wconf 84' lang='lat'><strong>31,</strong></span> <span class='ocrx_word' id='word_1_264' title='bbox 883 3882 899 3928; x_wconf 91' lang='grc'><strong>3</strong></span> <span class='ocrx_word' id='word_1_265' title='bbox 917 3892 1044 3927; x_wconf 87' lang='lat' dir='ltr'><strong>uersuum</strong></span> <span class='ocrx_word' id='word_1_266' title='bbox 1063 3877 1173 3927; x_wconf 87' lang='lat' dir='ltr'><strong>nomino</strong></span> <span class='ocrx_word' id='word_1_267' title='bbox 1192 3875 1339 3938; x_wconf 59' lang='lat' dir='ltr'><strong>efferatum</strong></span> 
     </span>
     <span class='ocr_line' id='line_1_32' title="bbox 215 3958 1338 4031; baseline -0.005 -17"><span class='ocrx_word' id='word_1_268' title='bbox 215 3979 306 4031; x_wconf 84' lang='lat' dir='ltr'><strong>quere</strong></span> <span class='ocrx_word' id='word_1_269' title='bbox 323 3978 420 4014; x_wconf 86' lang='lat' dir='ltr'><strong>uersus</strong></span> <span class='ocrx_word' id='word_1_270' title='bbox 437 3964 465 4014; x_wconf 93' lang='lat' dir='ltr'><strong>h.</strong></span> <span class='ocrx_word' id='word_1_271' title='bbox 485 3964 518 4027; x_wconf 88' lang='lat' dir='ltr'><strong>l.,</strong></span> <span class='ocrx_word' id='word_1_272' title='bbox 542 3969 572 4013; x_wconf 85' lang='lat' dir='ltr'><strong>ut</strong></span> <span class='ocrx_word' id='word_1_273' title='bbox 596 3969 624 4014; x_wconf 89' lang='lat' dir='ltr'><strong>et</strong></span> <span class='ocrx_word' id='word_1_274' title='bbox 647 3963 733 4027; x_wconf 87' lang='lat' dir='ltr'><strong>alias,</strong></span> <span class='ocrx_word' id='word_1_275' title='bbox 757 3963 921 4029; x_wconf 82' lang='lat' dir='ltr'><strong>simpliciter</strong></span> <span class='ocrx_word' id='word_1_276' title='bbox 943 3963 976 4011; x_wconf 86' lang='lat' dir='ltr'><strong>de</strong></span> <span class='ocrx_word' id='word_1_277' title='bbox 1000 3960 1084 4011; x_wconf 83' lang='lat' dir='ltr'><strong>lineis</strong></span> <span class='ocrx_word' id='word_1_278' title='bbox 1109 3961 1233 4011; x_wconf 84' lang='lat' dir='ltr'><strong>codicum</strong></span> <span class='ocrx_word' id='word_1_279' title='bbox 1256 3958 1338 4009; x_wconf 85' lang='lat' dir='ltr'><strong>intel-</strong></span> 
     </span>
     <span class='ocr_line' id='line_1_33' title="bbox 213 4049 437 4115; baseline -0.009 -14"><span class='ocrx_word' id='word_1_280' title='bbox 213 4049 366 4115; x_wconf 84' lang='lat' dir='ltr'><strong>legendum</strong></span> <span class='ocrx_word' id='word_1_281' title='bbox 385 4054 437 4099; x_wconf 86' lang='lat' dir='ltr'><strong>est.</strong></span> 
     </span>
    </p>

    <p class='ocr_par' dir='ltr' id='par_1_4' title="bbox 214 4129 1340 4713">
     <span class='ocr_line' id='line_1_34' title="bbox 321 4129 1337 4200; baseline -0.005 -16"><span class='ocrx_word' id='word_1_282' title='bbox 321 4133 349 4200; x_wconf 79' lang='lat'><strong>2)</strong></span> <span class='ocrx_word' id='word_1_283' title='bbox 367 4134 501 4199; x_wconf 78' lang='lat' dir='ltr'><strong>Epitheta</strong></span> <span class='ocrx_word' id='word_1_284' title='bbox 520 4133 653 4185; x_wconf 86' lang='lat' dir='ltr'><strong>nonnulla</strong></span> <span class='ocrx_word' id='word_1_285' title='bbox 676 4134 705 4183; x_wconf 91' lang='lat' dir='ltr'><strong>in</strong></span> <span class='ocrx_word' id='word_1_286' title='bbox 723 4133 820 4199; x_wconf 83' lang='lat' dir='ltr'><strong>paucis</strong></span> <span class='ocrx_word' id='word_1_287' title='bbox 842 4132 944 4183; x_wconf 85' lang='lat' dir='ltr'><strong>nostris</strong></span> <span class='ocrx_word' id='word_1_288' title='bbox 962 4136 1118 4181; x_wconf 84' lang='lat' dir='ltr'><strong>saturarum</strong></span> <span class='ocrx_word' id='word_1_289' title='bbox 1136 4129 1259 4193; x_wconf 86' lang='lat' dir='ltr'><strong>reliquiis</strong></span> <span class='ocrx_word' id='word_1_290' title='bbox 1277 4143 1337 4179; x_wconf 85' lang='lat' dir='ltr'><strong>sae-</strong></span> 
     </span>
     <span class='ocr_line' id='line_1_35' title="bbox 214 4212 1339 4287; baseline -0.007 -17"><span class='ocrx_word' id='word_1_291' title='bbox 214 4223 283 4287; x_wconf 85' lang='lat' dir='ltr'><strong>pius</strong></span> <span class='ocrx_word' id='word_1_292' title='bbox 306 4219 426 4270; x_wconf 90' lang='lat' dir='ltr'><strong>inueniri</strong></span> <span class='ocrx_word' id='word_1_293' title='bbox 448 4219 500 4269; x_wconf 85' lang='lat' dir='ltr'><strong>hoe</strong></span> <span class='ocrx_word' id='word_1_294' title='bbox 522 4217 584 4269; x_wconf 87' lang='lat' dir='ltr'><strong>loco</strong></span> <span class='ocrx_word' id='word_1_295' title='bbox 610 4217 874 4269; x_wconf 83' lang='lat' dir='ltr'><strong>commemorandum</strong></span> <span class='ocrx_word' id='word_1_296' title='bbox 897 4222 977 4282; x_wconf 84' lang='lat' dir='ltr'><strong>puto,</strong></span> <span class='ocrx_word' id='word_1_297' title='bbox 1006 4231 1077 4280; x_wconf 87' lang='lat' dir='ltr'><strong>quae</strong></span> <span class='ocrx_word' id='word_1_298' title='bbox 1102 4213 1197 4265; x_wconf 83' lang='lat' dir='ltr'><strong>stabili</strong></span> <span class='ocrx_word' id='word_1_299' title='bbox 1222 4212 1339 4278; x_wconf 84' lang='lat' dir='ltr'><strong>quodam</strong></span> 
     </span>
     <span class='ocr_line' id='line_1_36' title="bbox 216 4298 1339 4372; baseline -0.005 -17"><span class='ocrx_word' id='word_1_300' title='bbox 216 4305 294 4372; x_wconf 85' lang='lat' dir='ltr'><strong>apud</strong></span> <span class='ocrx_word' id='word_1_301' title='bbox 306 4306 459 4356; x_wconf 85' lang='lat' dir='ltr'><strong>Varronem</strong></span> <span class='ocrx_word' id='word_1_302' title='bbox 477 4319 527 4355; x_wconf 86' lang='lat' dir='ltr'><strong>usu</strong></span> <span class='ocrx_word' id='word_1_303' title='bbox 540 4303 625 4353; x_wconf 88' lang='lat' dir='ltr'><strong>fuisse</strong></span> <span class='ocrx_word' id='word_1_304' title='bbox 639 4304 776 4353; x_wconf 86' lang='lat' dir='ltr'><strong>uidentur.</strong></span> <span class='ocrx_word' id='word_1_305' title='bbox 813 4303 883 4367; x_wconf 69' lang='lat' dir='ltr'><strong>‘Leni</strong></span> <span class='ocrx_word' id='word_1_306' title='bbox 897 4302 1011 4361; x_wconf 82' lang='lat' dir='ltr'><strong>feruido’</strong></span> <span class='ocrx_word' id='word_1_307' title='bbox 1030 4300 1075 4349; x_wconf 89' lang='lat' dir='ltr'><strong>uel</strong></span> <span class='ocrx_word' id='word_1_308' title='bbox 1094 4299 1202 4365; x_wconf 66' lang='lat' dir='ltr'><strong>‘iginibus</strong></span> <span class='ocrx_word' id='word_1_309' title='bbox 1218 4298 1339 4362; x_wconf 72' lang='lat' dir='ltr'><strong>ferrcidis’</strong></span> 
     </span>
     <span class='ocr_line' id='line_1_37' title="bbox 215 4382 1340 4456; baseline -0.007 -16"><span class='ocrx_word' id='word_1_310' title='bbox 215 4391 340 4456; x_wconf 82' lang='lat' dir='ltr'><strong>legImus</strong></span> <span class='ocrx_word' id='word_1_311' title='bbox 359 4390 429 4439; x_wconf 91' lang='lat' dir='ltr'><strong>Bim.</strong></span> <span class='ocrx_word' id='word_1_312' title='bbox 449 4389 512 4438; x_wconf 92' lang='lat' dir='ltr'>XII.</span> <span class='ocrx_word' id='word_1_313' title='bbox 532 4387 600 4439; x_wconf 83' lang='lat' dir='ltr'><strong>Cras</strong></span> <span class='ocrx_word' id='word_1_314' title='bbox 619 4389 655 4438; x_wconf 94' lang='lat' dir='ltr'><strong>II.</strong></span> <span class='ocrx_word' id='word_1_315' title='bbox 675 4389 792 4452; x_wconf 83' lang='lat' dir='ltr'><strong>Meroip.</strong></span> <span class='ocrx_word' id='word_1_316' title='bbox 812 4387 865 4448; x_wconf 72' lang='lat'><em>1113</em></span> <span class='ocrx_word' id='word_1_317' title='bbox 886 4388 948 4435; x_wconf 78' lang='lat' dir='ltr'><strong>‘lae’</strong></span> <span class='ocrx_word' id='word_1_318' title='bbox 969 4390 1060 4435; x_wconf 88' lang='lat' dir='ltr'><strong>autem</strong></span> <span class='ocrx_word' id='word_1_319' title='bbox 1078 4384 1149 4447; x_wconf 86' lang='lat' dir='ltr'><strong>(siue</strong></span> <span class='ocrx_word' id='word_1_320' title='bbox 1168 4382 1245 4447; x_wconf 78' lang='lat' dir='ltr'><strong>lacte)</strong></span> <span class='ocrx_word' id='word_1_321' title='bbox 1269 4387 1340 4433; x_wconf 84' lang='lat' dir='ltr'><strong>‘can-</strong></span> 
     </span>
     <span class='ocr_line' id='line_1_38' title="bbox 215 4469 1339 4539; baseline -0.006 -13"><span class='ocrx_word' id='word_1_322' title='bbox 215 4477 315 4526; x_wconf 85' lang='lat' dir='ltr'><strong>didum&#39;</strong></span> <span class='ocrx_word' id='word_1_323' title='bbox 340 4473 498 4539; x_wconf 84' lang='lat' dir='ltr'><strong>appellatur</strong></span> <span class='ocrx_word' id='word_1_324' title='bbox 514 4473 624 4523; x_wconf 86' lang='lat' dir='ltr'><strong>Andab.</strong></span> <span class='ocrx_word' id='word_1_325' title='bbox 642 4474 703 4524; x_wconf 92' lang='lat' dir='ltr'>VII.</span> <span class='ocrx_word' id='word_1_326' title='bbox 729 4470 824 4524; x_wconf 72' lang='lat' dir='ltr'><strong>ride.</strong></span> <span class='ocrx_word' id='word_1_327' title='bbox 845 4472 939 4522; x_wconf 89' lang='grc' dir='ltr'><strong>σ.111.</strong></span> <span class='ocrx_word' id='word_1_328' title='bbox 975 4469 1064 4519; x_wconf 83' lang='lat' dir='ltr'><strong>Valde</strong></span> <span class='ocrx_word' id='word_1_329' title='bbox 1083 4474 1160 4519; x_wconf 87' lang='lat' dir='ltr'><strong>amat</strong></span> <span class='ocrx_word' id='word_1_330' title='bbox 1177 4470 1263 4520; x_wconf 88' lang='lat' dir='ltr'><strong>Varro</strong></span> <span class='ocrx_word' id='word_1_331' title='bbox 1282 4470 1339 4534; x_wconf 89' lang='lat' dir='ltr'><strong>opi·</strong></span> 
     </span>
     <span class='ocr_line' id='line_1_39' title="bbox 215 4553 1339 4625; baseline -0.007 -13"><span class='ocrx_word' id='word_1_332' title='bbox 215 4561 317 4612; x_wconf 86' lang='lat' dir='ltr'><strong>theton</strong></span> <span class='ocrx_word' id='word_1_333' title='bbox 338 4561 441 4622; x_wconf 75' lang='lat' dir='ltr'><strong>‘sei·us’,</strong></span> <span class='ocrx_word' id='word_1_334' title='bbox 465 4560 536 4623; x_wconf 92' lang='lat' dir='ltr'><strong>quod</strong></span> <span class='ocrx_word' id='word_1_335' title='bbox 560 4560 716 4625; x_wconf 86' lang='lat' dir='ltr'><strong>appositum</strong></span> <span class='ocrx_word' id='word_1_336' title='bbox 734 4563 776 4608; x_wconf 86' lang='lat' dir='ltr'><strong>est</strong></span> <span class='ocrx_word' id='word_1_337' title='bbox 794 4556 947 4623; x_wconf 81' lang='lat' dir='ltr'><strong>forcipibus</strong></span> <span class='ocrx_word' id='word_1_338' title='bbox 965 4554 1058 4618; x_wconf 83' lang='lat' dir='ltr'><strong>Magn.</strong></span> <span class='ocrx_word' id='word_1_339' title='bbox 1078 4553 1174 4618; x_wconf 84' lang='lat' dir='ltr'><strong>tall,</strong></span> <span class='ocrx_word' id='word_1_340' title='bbox 1197 4555 1291 4604; x_wconf 83' lang='lat' dir='ltr'><strong>manui</strong></span> <span class='ocrx_word' id='word_1_341' title='bbox 1309 4570 1339 4604; x_wconf 84' lang='grc' dir='ltr'><strong>π.</strong></span> 
     </span>
     <span class='ocr_line' id='line_1_40' title="bbox 217 4638 1340 4713; baseline -0.006 -16"><span class='ocrx_word' id='word_1_342' title='bbox 217 4638 298 4713; x_wconf 74' lang='grc' dir='ltr'><strong><em>ἔξαγ.</em></strong></span> <span class='ocrx_word' id='word_1_343' title='bbox 317 4645 370 4710; x_wconf 92' lang='lat' dir='ltr'><strong>IV,</strong></span> <span class='ocrx_word' id='word_1_344' title='bbox 390 4645 519 4695; x_wconf 88' lang='lat' dir='ltr'><strong>murmuri</strong></span> <span class='ocrx_word' id='word_1_345' title='bbox 538 4643 639 4709; x_wconf 80' lang='lat' dir='ltr'><strong>Sexag.</strong></span> <span class='ocrx_word' id='word_1_346' title='bbox 657 4642 764 4706; x_wconf 81' lang='lat' dir='ltr'>XVIII,</span> <span class='ocrx_word' id='word_1_347' title='bbox 788 4640 906 4691; x_wconf 84' lang='lat' dir='ltr'><strong>militiae</strong></span> <span class='ocrx_word' id='word_1_348' title='bbox 926 4640 1083 4690; x_wconf 86' lang='lat' dir='ltr'><strong>munoribus</strong></span> <span class='ocrx_word' id='word_1_349' title='bbox 1105 4638 1189 4706; x_wconf 85' lang='grc' dir='ltr'><em>Κοσμ.</em></span> <span class='ocrx_word' id='word_1_350' title='bbox 1207 4640 1245 4705; x_wconf 87' lang='lat' dir='ltr'><strong>V;</strong></span> <span class='ocrx_word' id='word_1_351' title='bbox 1268 4645 1340 4691; x_wconf 80' lang='lat' dir='ltr'><strong>‘can-</strong></span> 
     </span>
    </p>
   </div>
   <div class='ocr_carea' id='block_1_4' title="bbox 0 0 1784 5709">
    <p class='ocr_par' dir='ltr' id='par_1_5' title="bbox 0 0 1784 5709">
     <span class='ocr_line' id='line_1_41' title="bbox 0 0 1784 5709; baseline 0 1"><span class='ocrx_word' id='word_1_352' title='bbox 0 0 1784 5709; x_wconf 95' lang='lat' dir='ltr'><strong> </strong></span> 
     </span>
    </p>
   </div>
  </div>
 </body>
</html>
