3559 5709
808 683 937 739 CAPV'I
966 684 987 740 ΙΙ
1295 684 1305 695 “
1416 682 1455 745 Il

336 852 519 913 ‘cubiculum
545 853 686 925 pudorts’
722 845 870 932 quaesito
903 845 1037 910 dietum.
1066 885 1108 894 -
1135 846 1234 912 Here.
1263 856 1310 912 tu.
1338 848 1394 913 fid.
1422 849 1454 913 I:
1573 894 1575 897 -

336 956 477 1015 ‘Romae'
499 972 633 1037 prorsus
657 958 707 1013 est
733 968 1013 1034 superuacaneum
1040 957 1073 1012 et
1095 970 1115 1011 a
1136 948 1297 1014 Varronis
1324 949 1359 1013 in
1386 949 1456 1014 deis

336 1051 563 1117 describendis
593 1049 829 1116 consuetudine
856 1048 1010 1115 alienum.
1032 1088 1076 1099 -
1103 1053 1249 1131 Κοσμοτ.
1271 1050 1354 1115 VH:
1380 1056 1456 1116 ‘sae-

335 1176 394 1219 uas
416 1157 551 1233 Neptuni
567 1159 661 1231 filiua’
684 1152 814 1217 nomine
830 1152 904 1237 ipso
927 1150 1031 1216 celato
1053 1150 1204 1217 libertate
1219 1152 1346 1238 poetica
1361 1151 1455 1219 dixit.

335 1292 379 1303 -
393 1254 482 1318 Man.
499 1254 566 1319 111:
592 1259 758 1334 ‘quadrato
780 1258 888 1318 letere'
911 1251 1016 1319 libera
1031 1251 1207 1337 singularis
1222 1253 1349 1317 numeri
1363 1276 1456 1318 usur·

335 1357 438 1442 patio.
471 1377 507 1403 —2
537 1356 618 1422 ibid.
647 1355 728 1420 XV:
769 1358 897 1421 ‘sedens’
923 1377 1059 1442 prorsus
1093 1354 1241 1420 abundat
1273 1355 1368 1419 iuxta
1399 1354 1457 1446 illa

336 1456 486 1523 ‘habens’
510 1480 591 1544 sqq.
605 1456 717 1522 ‘altus'
741 1480 811 1543 sqq.
839 1458 991 1543 positum.
1021 1493 1064 1505 —
1094 1456 1185 1521 Mod.
1214 1455 1260 1521 V:
1299 1460 1458 1536 ‘Delphice

335 1570 432 1624 canat
458 1565 628 1642 colnmnu'3
662 1580 779 1623 oanere
812 1558 991 1623 nunciandi
1023 1558 1077 1623 uel
1104 1557 1328 1643 praecipiendi
1357 1578 1456 1622 sensu

334 1661 480 1745 positum
502 1682 576 1724 oum
598 1660 730 1725 omnino
744 1744 746 1748 ι
760 1660 804 1725 sit
831 1660 936 1744 magis
958 1661 1065 1745 poetis
1081 1661 1248 1740 usitatum,
1272 1668 1341 1724 tum
1363 1660 1392 1723 si
1415 1657 1455 1723 de

334 1784 384 1843 re,
406 1784 472 1827 non
494 1761 535 1825 de
556 1760 688 1826 homine
709 1770 899 1847 usurpatur,
923 1784 943 1825 a
964 1783 1063 1847 prosa
1086 1762 1216 1825 omnino
1232 1769 1283 1825 est
1305 1759 1453 1825 alienum.
1556 1810 1559 1816 .

316 1862 490 1928 »Ceterum
512 1861 553 1927 de
580 1861 642 1926 hoo
670 1862 735 1946 frg.
757 1886 789 1927 u.
813 1885 845 1948 p.
862 1871 912 1933 75.
935 1901 977 1911 —
1004 1861 1086 1928 ibid.
1109 1861 1158 1925 X:
1188 1864 1317 1942 ‘poculis
1343 1867 1455 1927 ardea·

333 1972 420 2030 tiam'
443 1965 574 2051 poetica
599 1965 791 2050 metaphora
819 1964 859 2028 de
888 1965 935 2027 eis
964 1962 1082 2029 dicitur
1110 1964 1166 2049 qui
1194 1973 1270 2029 sunt
1297 1962 1375 2028 uino
1404 1985 1454 2027 ar-

334 2066 469 2148 dentes3
503 2064 629 2130 aooedit
657 2065 832 2131 uerborum
862 2073 940 2145 ‘quis
964 2072 1093 2145 popino’
1122 2062 1292 2134 collocatio
1322 2063 1362 2128 de
1390 2085 1456 2150 qua

333 2192 367 2254 p.
385 2176 424 2239 73
448 2189 553 2252 agam.
577 2204 617 2214 -
639 2167 721 2232 ibid.
744 2167 810 2232 XI:
837 2171 1076 2231 ‘beccis‘Le'beri'
1098 2188 1158 2252 pro
1180 2166 1266 2230 uuis.
1290 2204 1332 2213 —
1353 2165 1455 2251 Myst.

333 2268 404 2333 III:
430 2277 563 2333 ‘errans’
593 2291 874 2354 superuacaneum
902 2268 1032 2334 omnino
1061 2277 1121 2333 est.
1149 2258 1452 2348 -’'0v.to0.11:

333 2377 537 2435 ‘cantantium
559 2376 661 2449 pallus
684 2377 905 2453 pallinaceus'3
936 2369 1048 2434 audax
1074 2366 1183 2433 hercle
1210 2377 1243 2432 et
1275 2366 1455 2433 artificiosa

333 2470 466 2537 dicendi
493 2471 594 2552 ratio,
629 2493 693 2556 qua
721 2471 928 2556 significatur
954 2472 983 2535 is
1012 2470 1070 2557 qui
1096 2469 1141 2534 ad
1167 2468 1376 2537 cantandum.
1393 2469 1454 2533 eri·

331 2573 385 2658 git
406 2582 439 2637 et
466 2571 660 2638 instimulat.
684 2609 724 2618 -
746 2572 827 2638 ibid.
851 2572 915 2636 IV:
944 2572 1146 2653 praesepibus
1169 2575 1356 2648 forensibus'
1379 2569 1401 2636 i.
1425 2592 1454 2636 e.

331 2674 421 2756 foro,
445 2674 503 2740 ubi
525 2674 664 2762 pecunia
686 2675 904 2759 conquiritur:
935 2672 1034 2739 dictio
1061 2695 1127 2737 non
1148 2674 1256 2738 minus
1279 2670 1454 2757 singularis

332 2786 367 2841 et
397 2775 575 2840 artificiosa
602 2796 700 2862 quam
728 2773 769 2839 de
796 2797 861 2862 qua
889 2774 985 2840 modo
1014 2775 1096 2839 dixi.
1122 2814 1157 2823 —
1181 2774 1264 2840 ibid.
1286 2772 1391 2838 XIII:
1422 2782 1455 2838 et

334 2882 439 2942 ‘tibiis'
467 2887 500 2943 et
528 2882 701 2957 ‘flectendo'
729 2877 824 2941 iuxta
856 2876 980 2962 posita,
1016 2898 1155 2962 quarum
1185 2874 1325 2940 alterum
1352 2873 1454 2940 altero

332 2976 522 3059 inutilefit,
546 2987 579 3042 et
600 2978 746 3059 ubertas,
770 3000 854 3065 quae
876 2986 927 3042 est
947 2980 981 3042 in
1003 2981 1199 3044 ‘commutare
1220 2988 1346 3049 mentes,
1375 2982 1456 3055 eripi

333 3085 451 3145 ammos
471 3088 586 3144 eorum’
609 3080 701 3164 poesi
716 3062 912 3145 sententiam
926 3079 1084 3145 uindicat.
1104 3115 1140 3125 -
1157 3078 1238 3145 ibid.
1254 3077 1337 3142 XV:
1361 3082 1452 3143 ‘mae-

332 3188 429 3246 rentis
450 3187 590 3261 quietus.
610 3228 618 3243 .
630 3186 837 3264 probandus’3
866 3189 1017 3247 tortuosa
1043 3178 1196 3266 loquendi
1218 3182 1304 3245 ratio
1332 3202 1392 3267 pro
1415 3200 1453 3244 eo

332 3281 422 3369 quod
444 3292 495 3348 est
517 3283 688 3347 ‘maerenti
710 3282 839 3369 quietus
862 3289 972 3369 aptus'
995 3281 1160 3368 poeticum
1174 3282 1294 3346 reddit.
1312 3320 1347 3329 -
1372 3281 1453 3346 ibid.

332 3382 435 3448 XVI:
460 3389 504 3448 ‘in
527 3391 652 3464 uulpem
680 3390 802 3464 ratque
831 3384 966 3450 ubertas
994 3392 1107 3470 aperte
1134 3384 1279 3469 poetiea3
1308 3382 1349 3447 de
1375 3381 1407 3448 h.
1431 3381 1453 3445 l.

332 3508 366 3550 u.
389 3506 422 3570 p.
440 3494 489 3557 78.
515 3522 550 3532 -
574 3485 656 3550 ibid.
681 3485 764 3550 XX:
793 3486 830 3548 in
856 3491 1030 3551 ‘uenabulo’
1059 3493 1092 3549 et
1119 3490 1275 3549 ‘uerrutis'
1303 3505 1452 3549 numero·

332 3608 408 3651 rum
440 3583 545 3651 libera
578 3585 781 3673 disparilitas
816 3584 912 3651 simul
939 3608 1014 3650 oum
1041 3583 1286 3651 abundantibus
1314 3583 1379 3649 illis
1409 3592 1454 3649 ‘ia

331 3692 491 3753 montibm'
516 3710 536 3751 a
557 3708 656 3775 prosa
678 3697 728 3753 est
749 3686 902 3753 alienum.
918 3728 960 3738 -
974 3686 1056 3753 ibid.
1072 3686 1176 3752 XXI:
1208 3692 1360 3767 ‘dispares
1374 3693 1452 3751 auti'

330 3811 393 3875 pro
417 3786 578 3874 ‘dispares
602 3797 692 3853 sunt’
720 3812 741 3854 a
764 3788 973 3875 simplicitate
1001 3789 1146 3875 pedestri
1173 3788 1384 3855 Varroniana
1405 3810 1452 3852 re-

332 3889 430 3955 cedit.
450 3928 493 3939 -
515 3878 609 3956 Idem
631 3891 720 3956 eadit
750 3892 785 3955 in
811 3891 950 3977 Papiap.
972 3890 1022 3954 II:
1059 3897 1201 3955 ‘vallatos
1228 3895 1331 3954 mobili
1349 3899 1453 3968 saepto

331 3997 455 4057 tenent'.
478 4029 520 4039 —
543 3991 599 4057 Sio
620 4000 654 4057 et
668 3993 805 4079 Papiap.
821 3992 882 4057 IV.
906 3990 1008 4057 multo
1030 3989 1237 4057 artificiosius
1261 4005 1453 4076 expressum

332 4103 384 4160 est
406 4114 505 4179 quam
527 4093 616 4179 quod
645 4092 688 4157 ad
717 4115 848 4178 prosam
875 4093 1054 4159 referatur:
1085 4098 1211 4157 ‘lucullo
1238 4129 1281 4139 —
1307 4097 1453 4170 impressa

330 4200 452 4261 Aaou
479 4200 619 4273 diuitulo’
651 4216 731 4282 sqq„
760 4195 848 4282 quod
875 4195 976 4260 etiam
1002 4193 1178 4259 dicendum
1210 4201 1261 4257 est
1291 4191 1332 4256 de
1363 4194 1452 4255 ‘Atti-

329 4316 440 4362 corum
461 4300 622 4361 Musarum
644 4304 820 4377 scriptores’
841 4296 924 4363 ibid.
939 4296 1002 4361 XI.
1025 4333 1069 4343 —
1090 4314 1123 4357 π.
1140 4292 1207 4376 alp.
1229 4292 1279 4358 II:
1305 4302 1451 4373 ‘corpora

329 4420 370 4463 ao
388 4400 504 4474 sumam
527 4404 654 4462 uentrn'
677 4421 737 4484 pro
759 4398 918 4484 ‘corporis
941 4398 1073 4463 famem'
1102 4395 1300 4460 oonstruotio
1323 4404 1373 4459 est
1394 4396 1452 4459 mi-

299 4580 303 4585 .
329 4521 388 4564 rae
422 4497 585 4564 libertatis
619 4501 767 4585 poeticae
801 4498 907 4585 plena.
930 4538 971 4545 -—
998 4498 1107 4561 Prom.
1130 4496 1188 4561 lib.
1211 4495 1261 4561 II:
1293 4501 1335 4562 ‘in
1363 4518 1451 4576 quer-

329 4606 433 4680 queto’
456 4598 589 4687 copiose
612 4599 769 4666 abundat.
795 4639 833 4648 —
856 4599 936 4666 ibid.
958 4600 1026 4666 VI:
1057 4604 1222 4664 ‘humanae
1240 4609 1359 4678 pentem
1380 4606 1451 4665 stir-
