3559 5709
800 736 929 794 CAPV'I'
961 737 982 792 II
1416 735 1457 799 75

338 896 545 983 sumpserit),
573 920 689 963 uersus
718 901 788 963 eius
812 901 845 962 in
867 922 944 964 suas
967 900 1145 964 sententias
1174 903 1247 964 euin
1275 901 1456 967 iniunxisse

338 1000 479 1081 scimus,
507 999 549 1063 cf.
574 1001 665 1065 Test.
689 1001 758 1066 III:
790 1008 882 1066 ‘nette
904 1040 945 1051 -
967 1012 1080 1065 tutores
1102 1007 1156 1073 do,
1187 1010 1322 1080 quirem
1344 1011 1458 1083 Roma·-

337 1123 409 1166 nem
430 1107 611 1182 Latiamque
632 1111 789 1182 augescere
810 1111 913 1169 uultis'
938 1126 1022 1190 quae
1043 1103 1121 1168 inde
1144 1126 1164 1167 a
1184 1126 1266 1169 uoce
1288 1106 1367 1192 ‘qui'
1391 1107 1456 1170 En·

337 1204 473 1268 nianum
494 1226 627 1269 uersum
655 1203 821 1268 annalium
845 1214 905 1275 455
928 1205 1097 1270 continent
1126 1202 1183 1288 (cf.
1207 1206 1294 1270 Acro
1317 1208 1352 1270 in
1373 1208 1455 1272 Hor.

338 1304 408 1370 Sat.
432 1306 448 1369 I
471 1314 501 1387 2,
524 1303 579 1391 37)
600 1328 661 1371 nec
683 1316 793 1372 tamen
816 1328 833 1369 e
856 1306 1097 1371 constructione
1119 1306 1363 1372 Varrronianae
1386 1330 1456 1372 sen·

338 1406 462 1471 tentiae
484 1406 657 1490 excidunt3
682 1408 768 1493 quod
790 1406 878 1472 idem
901 1408 991 1473 ualet
1012 1407 1047 1469 in
1068 1408 1193 1471 Pacuui
1215 1431 1248 1471 u.
1265 1418 1336 1490 314,
1360 1431 1457 1494 quem

337 1508 427 1573 Man.
444 1508 540 1589 XIV,
563 1508 715 1595 Ennique
738 1532 813 1573 ann.
837 1532 868 1572 u.
886 1519 958 1589 517,
982 1530 1079 1593 quem
1101 1509 1242 1594 Endym.
1259 1509 1307 1575 VI
1329 1511 1363 1573 in
1386 1532 1456 1575 sen-

337 1609 474 1673 tentiam
496 1610 630 1696 recepit,
652 1610 820 1696 paululum
842 1611 901 1675 hos
926 1609 1007 1675 duos
1030 1612 1203 1675 memoriae
1225 1609 1320 1695 lapsu
1342 1612 1456 1676 immu-

336 1720 428 1793 tans3
456 1732 609 1777 necnon
637 1713 670 1775 in
699 1712 828 1777 Andab.
853 1713 870 1776 I
898 1711 941 1775 cf.
969 1710 1143 1775 Menandri
1171 1722 1311 1778 monost.
1335 1722 1396 1783 420
1424 1723 1457 1778 et

336 1811 459 1896 Sexag.
488 1811 586 1877 XIX'
605 1812 721 1897 (dictio
750 1813 842 1898 cpica
868 1812 911 1876 cf.
934 1834 1009 1876 ann.
1033 1822 1084 1884 48.
1108 1814 1163 1900 60)
1192 1823 1225 1879 et
1253 1818 1373 1896 Σκιαμ.
1396 1816 1455 1880 IV.

336 1914 380 1977 cf.
403 1912 508 2005 Lucil.
532 1913 656 1977 XXIX
683 1922 723 1985 68
752 1913 842 1979 Gerl.
866 1915 955 1978 etin
981 1915 1118 1998 poeticis
1148 1937 1278 2002 quoque
1304 1916 1456 2002 partibus

336 2013 422 2079 Bim.
445 2014 536 2080 XIII
558 2014 607 2079 cf:
624 2015 729 2079 Lucil.
753 2016 817 2079 inc.
842 2025 882 2087 84
906 2025 939 2080 et
959 2017 1108 2096 Κοσμοτ.
1131 2016 1182 2081 VI
1204 2016 1247 2081 cf.
1270 2016 1356 2081 Enn.
1380 2039 1455 2081 ann.

337 2124 396 2186 311
423 2126 456 2181 et
478 2116 551 2181 Lex
571 2116 680 2180 Maen.
704 2117 755 2182 VI
777 2117 818 2180 cf.
841 2116 928 2181 Enn.
944 2128 1029 2201 trag.
1046 2125 1108 2187 277
1130 2117 1227 2181 Vahl.
1252 2118 1362 2204 (quem
1384 2140 1456 2184 uer-

336 2240 410 2282 sum
433 2219 533 2282 etiam
559 2207 697 2283 Seneca
710 2219 753 2281 in¹
773 2227 887 2283 satura
913 2241 941 2283 o.
966 2228 984 2288 8
1007 2217 1172 2305 adhibuit)
1203 2227 1237 2284 et
1264 2216 1340 2299 περὶ
1368 2217 1455 2301 ἐξαγ.

335 2319 387 2384 IV
408 2318 451 2382 of.
474 2317 560 2382 Enn.
584 2328 669 2403 trag.
694 2328 755 2389 393
783 2329 816 2384 et
843 2319 953 2385 Prom.
976 2319 1027 2383 VI
1050 2320 1092 2382 cf.
1115 2318 1201 2383 Enn.
1226 2318 1413 2406 Epicharm.
1436 2329 1456 2389 2

335 2430 370 2485 et
398 2420 518 2505 Sexag.
541 2420 594 2485 IX
622 2420 662 2486 cf.
691 2421 880 2507 Epicharm.
910 2443 963 2506 ap.
987 2419 1228 2486 Pseudo-Plat.
1258 2420 1398 2485 Axioch.
1422 2443 1454 2506 p.

335 2530 398 2593 366
410 2544 438 2585 c.
479 2522 535 2586 Ex
556 2520 606 2584 his
630 2521 772 2608 quidem,
796 2521 958 2609 quomodo
981 2544 1051 2585 rem
1073 2541 1248 2605 aggressus
1272 2522 1316 2586 sit
1336 2524 1454 2604 Varro,

334 2623 566 2707 cognouimus3
596 2622 773 2687 difficultas
803 2635 915 2689 autem
942 2622 1018 2687 inde
1047 2623 1208 2704 exoritur,
1243 2622 1330 2709 quod
1357 2645 1456 2709 saepe

334 2724 451 2791 laudat
479 2723 617 2791 aliorum
638 2747 769 2805 uersus,
800 2724 988 2813 dequibus
1015 2722 1063 2788 nil
1089 2733 1262 2810 praeterea
1289 2726 1456 2809 cognitum

333 2826 511 2909 habemus3
535 2827 569 2889 in
592 2827 710 2913 quibus
733 2827 884 2891 eruendis
909 2820 1162 2912 diuinandisque
1185 2825 1357 2890 audaciam
1380 2848 1455 2891 cau·
1535 2822 1541 2835 '

334 2928 524 3013 tionemque
541 2928 683 2992 inuicem
712 2950 782 2992 sese
812 2928 973 2993 sustinere
996 2950 1093 3012 quam
1122 2928 1265 2991 maxime
1287 2948 1370 3012 opus
1393 2937 1462 2992 est.=

333 3028 422 3092 Nam
442 3052 484 3093 ne
507 3029 639 3094 dicendi
662 3030 794 3117 quidem
816 3050 935 3114 genere
957 3050 978 3092 a
992 3028 1152 3093 Varronis
1175 3028 1279 3113 ipsius
1302 3029 1455 3095 uersibus

335 3129 480 3194 discerni
506 3140 662 3215 possunt,
698 3132 818 3217 quippe
846 3153 943 3217 quem
969 3130 1154 3195 imitatione
1187 3128 1327 3195 aliorum
1359 3154 1456 3205 usum

334 3253 408 3295 esse
430 3232 496 3296 iam
518 3232 732 3315 ostenderim3
754 3255 855 3296 unum
884 3241 1035 3318 superest
1062 3230 1238 3312 auxilium,
1262 3242 1299 3296 ut
1321 3233 1348 3296 si
1371 3255 1455 3318 quae

333 3333 422 3397 forte
442 3334 545 3398 uerba
571 3334 606 3397 in
633 3324 825 3419 fragmentis
854 3335 902 3398 ita
929 3344 1120 3419 comparata
1147 3342 1238 3413 sunt,
1267 3344 1305 3399 ut
1326 3336 1456 3420 poetica
1533 3383 1536 3398 .

335 3456 408 3499 esse
430 3455 563 3499 necesse
585 3435 638 3516 sit,
651 3434 794 3521 reliquas
818 3444 927 3499 autem
950 3435 1128 3500 eiusdem
1150 3436 1330 3499 sententiae
1344 3444 1454 3521 partes

333 3536 503 3621 proseriae
527 3558 599 3600 esse
621 3536 752 3601 omnino
775 3535 987 3601 iudicandum
1008 3537 1061 3617 sit,
1076 3534 1219 3600 alienum
1233 3557 1367 3601 uersum
1382 3559 1455 3622 par·

334 3647 444 3702 temne
472 3659 589 3701 uersus
617 3638 652 3700 in
677 3638 785 3702 medio
813 3638 958 3723 positum
985 3658 1209 3721 agnoscamus.
1254 3637 1330 3702 Huc
1356 3638 1455 3722 perti-

333 3748 416 3803 nent
437 3760 522 3825 quae
550 3761 650 3823 supra
677 3738 743 3803 iam
770 3740 913 3804 tractaui
939 3739 1052 3803 haece:
1086 3738 1177 3804 Mod.
1201 3738 1244 3820 V,
1272 3739 1330 3804 ubi
1352 3738 1456 3805 uerba

334 3844 493 3919 ‘Delphice
514 3833 608 3905 cenet
629 3847 782 3906 columna’
807 3862 877 3926 sqq.
900 3841 1031 3926 poetica
1052 3862 1124 3905 esse
1146 3848 1292 3925 apparet,
1315 3841 1455 3904 maxime

332 3952 446 4008 autem
474 3941 571 4005 docta
599 3939 657 4005 illa
684 3942 847 4026 expositio
877 3948 1084 4024 ‘medioxima
1111 3953 1145 4006 at
1173 3948 1324 4020 quondam
1346 3951 1455 4021 patres

331 4048 434 4108 nostri
453 4047 666 4122 loquebantur’
693 4065 713 4106 a
734 4044 826 4128 poesi
848 4042 957 4107 aliena
978 4052 1043 4127 est3
1073 4064 1174 4129 quare
1201 4051 1318 4127 poetae
1346 4041 1455 4107 locum

320 4143 446 4209 uerbis
476 4148 632 4223 ‘Delphice
656 4182 690 4191 -
716 4141 837 4227 pedere
869 4144 966 4231 (quac
994 4142 1079 4225 sola,
1103 4143 1161 4208 sed
1189 4166 1228 4207 ea
1254 4142 1392 4228 optime,
1420 4142 1455 4207 in

332 4252 476 4310 metrum
507 4243 652 4329 cadunt)
687 4246 846 4328 contineri
879 4267 1018 4330 eumque
1056 4267 1098 4309 cx
1135 4242 1245 4330 aliqua
1283 4244 1455 4329 tragoedia

332 4354 503 4432 sumptum
529 4355 621 4432 puto.
652 4383 689 4395 -
719 4349 832 4412 Pver.
862 4361 891 4409 σ.
915 4347 951 4412 II
983 4350 1027 4409 ‘ia
1055 4352 1166 4410 malum
1194 4351 1267 4410 elte'
1297 4367 1367 4432 sqq.
1396 4342 1480 4411 cur'

331 4447 467 4536 poetica
490 4470 561 4513 esse
583 4447 760 4531 noluerim,
783 4472 816 4536 p.
841 4458 880 4518 70
905 4446 1085 4529 declarau13
1117 4448 1208 4533 prior
1235 4456 1345 4512 autem
1365 4446 1454 4531 frag-

330 4550 435 4613 menti
456 4571 534 4635 pars
556 4572 623 4614 una
643 4551 838 4635 praesertim
864 4573 900 4615 re
921 4548 1065 4636 pedestri
1093 4548 1236 4613 sermoni
1257 4547 1453 4630 uindicatur,

331 4649 423 4736 quod
445 4650 615 4736 sententiis
646 4649 795 4737 pluribus
823 4650 935 4736 paruis
963 4650 1138 4737 scissisque
1161 4660 1194 4715 et
1215 4670 1282 4735 per·
1294 4648 1378 4714 alias
1404 4648 1452 4713 in·
