3559 5709
766 1548 937 1625 CAPVT
969 1550 1009 1623 II

415 1751 621 1819 Periculosae
643 1752 775 1839 plenum
797 1774 878 1838 epus
903 1751 994 1817 aleae
1016 1774 1091 1816 eum
1112 1772 1200 1815 nunc
1221 1750 1256 1813 in
1278 1773 1330 1814 me
1346 1751 1448 1815 susci·

328 1858 437 1944 piam,
465 1864 501 1919 ut
527 1864 602 1918 utra
630 1864 816 1919 saturarum
844 1853 987 1918 frustula
1013 1854 1110 1920 hodie
1138 1852 1285 1918 extantia
1306 1852 1448 1939 poetice,

328 1970 404 2024 utra
425 1956 569 2044 pedestri
592 1957 734 2020 sermoni
756 1956 975 2022 adscribenda
996 1956 1073 2038 sint,
1096 1978 1162 2020 nen
1184 1977 1284 2019 sensu
1306 1955 1450 2041 quedam

330 2060 448 2123 ductus
472 2058 563 2121 uarie
588 2067 620 2122 et
640 2057 806 2140 instabili,
830 2058 889 2124 sed
912 2059 1010 2123 certis
1033 2058 1251 2133 ratiocinandi
1272 2056 1449 2142 praesidiis

330 2169 425 2226 utens
449 2160 491 2223 ad
513 2159 611 2223 finem
634 2168 792 2247 quantum
819 2161 944 2247 possim
966 2159 1159 2246 perducam,
1189 2182 1287 2244 quam
1309 2158 1450 2223 arduam

244 2319 247 2325 .
330 2272 363 2327 et
386 2260 555 2325 difficilem
577 2285 645 2327 rem
669 2261 842 2347 aggrediar
856 2263 928 2348 ipse
943 2261 1090 2348 prefecto
1106 2260 1195 2325 haud
1209 2262 1336 2345 ignore.
1373 2260 1449 2326 Scio

330 2363 473 2451 quidem,
496 2364 569 2449 ipsa
590 2388 625 2429 re
649 2364 900 2430 excusationem·
916 2363 995 2427 mihi
1018 2386 1090 2428 esse
1112 2371 1273 2450 paratam,
1295 2385 1372 2428 cum
1393 2363 1451 2450 qui

330 2467 455 2553 primus
484 2488 552 2530 rem
582 2465 724 2553 aliquam
753 2457 934 2531 'inlustrare
962 2466 1115 2553 incipiat,
1151 2488 1224 2530 eum
1251 2486 1317 2529 nen
1339 2465 1451 2531 omnia

331 2569 444 2632 statim
474 2578 561 2632 recte
592 2567 831 2653 persoluturum
859 2590 931 2632 esse
961 2591 1072 2633 omnes
1101 2578 1134 2633 et
1162 2568 1269 2632 sciant
1298 2577 1330 2631 et
1357 2568 1450 2651 igne·

331 2679 439 2751 scant3
463 2670 568 2753 magis
592 2678 700 2734 autern
722 2668 799 2733 inde
821 2671 929 2733 anime
949 2671 1071 2752 firmor,
1095 2672 1182 2756 quod
1202 2670 1331 2734 uiarum
1352 2691 1450 2755 quas·

331 2793 458 2857 cunque
493 2772 603 2857 aliqua
630 2794 703 2836 cum
737 2770 881 2837 utilitate
915 2772 992 2836 iniri
1025 2793 1121 2858 pesse
1155 2771 1303 2857 speraui,
1335 2792 1451 2835 earum

330 2873 454 2939 nullam
477 2874 704 2961 intemptatam
726 2872 859 2959 reliqui,
888 2872 947 2938 sed
976 2897 1053 2939 sues
1082 2896 1125 2938 ex
1147 2873 1298 2939 omnibus
1320 2872 1450 2939 fruetus

332 2977 365 3061 (c
387 2975 585 3062 quibusdam
608 2986 717 3041 tamen
739 2974 900 3061 null0s¹))
929 2976 1051 3041 rettuli.
1097 2976 1208 3057 Quare
1231 2975 1286 3057 fit,
1314 2986 1354 3041 ut
1376 2974 1452 3040 aliis

331 3086 406 3163 pest
427 3101 478 3140 me
502 3077 630 3160 singula
651 3064 716 3142 non
740 3077 895 3141 defutura
924 3077 1072 3160 credam,
1102 3100 1186 3165 quae
1213 3076 1329 3142 melius
1357 3078 1452 3143 insti·

322 3188 436 3260 luant,
459 3179 494 3241 in
516 3178 706 3242 uniuersum
723 3187 831 3243 autem
846 3201 935 3243 meas
958 3180 1102 3245 rationes
1125 3180 1300 3265 probatum
1321 3178 1364 3242 iri
1386 3202 1453 3244 non

332 3282 401 3344 sine
424 3279 488 3345 fide
512 3303 648 3366 sperem,
672 3303 868 3368 quamquam
891 3282 1045 3363 emnium,
1068 3282 1124 3369 qui
1140 3282 1248 3346 adhuc
1269 3280 1354 3345 hanc
1378 3304 1452 3368 pro·

330 3382 473 3447 uinciam
501 3382 680 3459 intrarunt,
708 3406 810 3447 unum
831 3383 1068 3447 Buechelerum
1090 3384 1124 3446 in
1147 3384 1194 3447 eis
1218 3405 1301 3469 quae
1323 3385 1453 3469 passim

332 3484 373 3547 de
396 3485 456 3549 hac
479 3508 514 3549 re
536 3486 570 3547 in
592 3508 675 3550 mus.
699 3484 813 3570 philol.
837 3485 923 3549 XIV
947 3493 1114 3555 419—452
1137 3484 1302 3563 disseruit,
1324 3494 1454 3549 rectam

331 3585 419 3648 uiam
451 3586 564 3649 iniisse
598 3596 630 3651 01
661 3586 852 3674 plerumque
885 3576 1035 3653 seruasse
1072 3586 1179 3651 uideo.
1242 3584 1355 3651 Nulla
1369 3609 1452 3652 uere

332 3687 424 3771 (nam
445 3687 506 3750 hec
529 3709 657 3773 queque
679 3688 954 3774 praemittendum
977 3689 1040 3774 est)
1064 3688 1126 3753 hec
1148 3688 1255 3774 capite
1277 3710 1351 3752 cum
1367 3688 1453 3753 Rec-

418 3858 444 3927 1)
463 3860 538 3909 Nihil
558 3876 582 3910 0.
602 3857 1104 3926 0.111111111010101101111000110101110
1127 3861 1145 3913 l.
1166 3877 1188 3911 c.
1208 3878 1233 3925 p.
1253 3863 1303 3911 432
1328 3860 1454 3924 adhibet,

330 3948 488 4011 ubicunque
512 3945 663 3996 alliteratio
688 3963 757 4012 quae
776 3947 878 3996 dicitur
901 3948 1053 4008 inuenitur,
1077 3948 1263 4011 fragmentum
1285 3944 1455 4010 111011101ᾶο-

331 4032 505 4099 scribendum
530 4046 600 4084 esse.
636 4032 738 4097 Aperte
763 4033 835 4081 enim
858 4033 986 4096 prosarie
1011 4047 1072 4082 esse
1096 4032 1309 4096 esequentibua
1329 4030 1455 4081 elucebit

332 4119 428 4183 Longe
452 4117 555 4183 seqq.
576 4130 597 4167 0.
617 4116 636 4169 f.
657 4117 695 4181 fg.
715 4117 755 4176 II,
779 4118 855 4167 Man.
875 4118 914 4182 fg.
934 4117 1013 4179 XIX,
1037 4118 1158 4182 Κοσμοτ.
1182 4116 1221 4181 fg.
1241 4116 1268 4178 Ι,
1298 4116 1328 4164 111
1351 4116 1455 4180 quibus

333 4206 467 4266 quaterna
485 4202 571 4250 uerba
590 4200 692 4252 eisdem
711 4201 801 4252 literis
820 4202 982 4266 incipientia
999 4217 1029 4251 se
1043 4202 1192 4267 excipiunt.
1224 4200 1352 4250 Seuerior
1365 4202 1454 4260 etiam

333 4302 393 4348 ere,
414 4302 493 4350 quam
513 4288 571 4351 qui,
592 4285 662 4351 qued
681 4286 728 4336 ille
748 4287 818 4337 facit
835 4305 863 4352 p.
881 4289 940 4339 432.
959 4290 1022 4350 434,
1043 4288 1079 4339 cf.
1097 4286 1240 4336 Vahlenus
1259 4286 1342 4336 conii.
1361 4302 1390 4350 p.
1409 4286 1454 4339 40.

333 4373 400 4429 1011,
426 4370 590 4435 fragmenta,
611 4374 676 4437 quia
700 4371 764 4422 aliis
784 4389 854 4438 quae
873 4374 998 4422 uersibus
1016 4373 1120 4422 fuerint
1139 4371 1290 4436 composita
1307 4372 1337 4420 in
1355 4374 1455 4421 satura

332 4455 428 4504 uicina
447 4455 534 4504 fuisse
553 4456 712 4520 uideantur,
741 4456 835 4506 itidem
854 4458 883 4505 111
901 4462 989 4507 metra
1007 4458 1144 4522 redigam:
1170 4472 1221 4521 ege
1244 4456 1337 4521 petius
1354 4446 1454 4505 unam-

333 4555 468 4606 quamque
488 4543 653 4591 sententiam
674 4558 706 4591 cx
725 4558 754 4591 00
773 4545 834 4606 ipsa
853 4541 1060 4592 diiudicandam
1079 4544 1107 4592 in
1119 4543 1235 4607 ipsaque
1254 4541 1452 4604 inueniendum
1509 4566 1511 4570 ·

333 4625 405 4690 qued
423 4639 472 4673 sire
492 4641 552 4674 eam
572 4628 690 4676 sermoni
710 4627 828 4685 tribuat,
847 4628 929 4677 unice
949 4632 1055 4678 rectum
1075 4631 1103 4677 et
1120 4627 1188 4676 utile
1208 4627 1335 4677 arbitror.
