3559 5709
716 709 800 774 80
1650 711 1908 768 CAPVT
1969 707 2010 766 11

884 878 1111 942 Finem
1153 876 1304 941 huic
1362 875 1564 960 capiti
1608 875 1937 960 imponam
1981 881 2190 936 metra
2233 873 2473 958 quibus
2519 873 2740 938 Varro
2795 895 2946 937 usus

716 991 817 1045 est
859 979 1250 1043 recensendo
1295 999 1587 1062 quasque
1639 977 1709 1038 in
1764 977 1858 1040 eis
1917 975 2046 1039 sibi
2090 972 2266 1058 leges
2323 974 2718 1060 imposuerit
2759 996 2946 1060 quam

713 1080 1102 1147 breuissime
1167 1076 1646 1165 perlustrando.
1756 1076 1882 1140 Oui
1946 1076 2042 1138 rei
2107 1085 2172 1139 et
2238 1075 2532 1140 breuitas
2601 1074 2948 1140 multorum

714 1182 1261 1266 fragmentorum,
1336 1202 1466 1266 qua
1531 1179 1798 1243 iambici
1851 1177 2138 1242 maxime
2193 1186 2258 1241 et
2330 1176 2652 1241 trochaici
2716 1199 2945 1241 uersus

714 1305 847 1349 non
892 1283 1051 1347 satis
1100 1281 1385 1345 disce-rui
1430 1289 1703 1366 possunt
1717 1327 1735 1360 ,
1794 1301 1942 1343 cum
1996 1279 2259 1343 initium
2315 1300 2548 1342 uersus
2608 1289 2726 1344 aut
2782 1278 2950 1344 absit

715 1393 831 1449 aut
874 1384 989 1448 ubi
1034 1383 1119 1446 sit
1163 1382 1516 1463 nesciatur,
1564 1391 1629 1446 et
1672 1381 1913 1444 misera
1941 1379 2393 1444 Nonianorum
2437 1378 2764 1445 librorum
2809 1402 2948 1445 con·

717 1486 910 1567 dicio,
958 1507 1087 1571 qua
1128 1507 1439 1548 uersuum
1484 1493 1701 1568 partes
1750 1479 2053 1567 supplere
2099 1502 2294 1566 saepe
2323 1480 2642 1564 cogimur,
2674 1478 2949 1546 multum

720 1587 941 1652 obstat
987 1597 1293 1650 accurate
1324 1584 1780 1671 perficiendae,
1829 1605 2037 1668 neque
2083 1581 2324 1647 desunt
2366 1581 2746 1666 fragmenta
2793 1603 2950 1668 quae

716 1687 978 1752 nonnisi
1043 1686 1519 1750 infirmissimus
1576 1694 1843 1771 propter
1899 1705 2132 1748 causas
2199 1680 2396 1746 alicui
2456 1692 2668 1748 metro
2729 1681 2951 1747 addidi

714 1789 1155 1874 paenitentiae
1198 1788 1459 1853 futurae
1504 1809 1712 1873 paene
1757 1798 2003 1870 certus3
2050 1807 2248 1870 quam
2312 1783 2552 1848 malam
2597 1784 2948 1865 fortunam,

718 1913 867 1955 cum
912 1890 996 1955 ab
1040 1889 1163 1954 hac
1190 1889 1465 1953 materia
1494 1911 1629 1954 non
1671 1888 1886 1974 possit
1915 1888 2169 1969 abesse,
2202 1907 2317 1950 cur
2346 1886 2617 1952 tandem
2663 1885 2950 1952 confiteri

719 1990 1006 2076 pudeat?
1076 1990 1223 2055 Hoc
1261 2000 1481 2054 tamen
1525 2012 1675 2053 cum
1714 1988 2112 2054 Buechelero
2157 2011 2222 2074 Ρ.
2257 1997 2378 2059 428
2422 2009 2462 2051 a
2499 1986 2718 2054 Nonio
2761 1986 2956 2052 libra--

718 2093 961 2177 riisque
992 2092 1130 2156 eius
1162 2113 1372 2174 arceo,
1416 2114 1563 2155 eum
1593 2091 1800 2156 uerba
1831 2113 2026 2177 saepe
2057 2112 2403 2176 perperam
2445 2089 2948 2176 transposuisse,

720 2214 869 2257 cum
912 2202 1169 2278 praeter
1210 2192 1494 2257 leuicula
1537 2193 1860 2278 quaedam
1905 2192 2118 2278 (uelut
2159 2190 2354 2257 Eum.
2384 2190 2560 2256 XXI
2604 2212 2674 2276 p.
2705 2197 2794 2260 26
2838 2195 2948 2254 ‘ui-

721 2301 963 2358 dentur’
1006 2315 1152 2376 esse,
1184 2317 1248 2379 Ρ.
1281 2304 1401 2364 149
1446 2299 1595 2358 ‘esse
1636 2301 1929 2359 uidentur
1948 2293 2005 2377 ’)
2051 2292 2414 2358 traiciendo
2446 2291 2608 2356 mihi
2635 2313 2951 2379 nusquam

721 2418 884 2480 opus
928 2395 1151 2478 fuerit,
1198 2416 1323 2481 quo
1357 2394 1615 2460 demum
1655 2417 1885 2460 uersus
1930 2394 1998 2458 in
2027 2394 2412 2479 fragmentis
2439 2393 2717 2480 poeticis
2747 2392 2950 2458 iustos

720 2497 1149 2562 instituerem.

892 2598 1201 2663 Omnium
1274 2598 1479 2681 igitur
1562 2599 1943 2683 saepissime
2017 2599 2229 2662 Varro
2303 2595 2610 2663 adhibuit
2681 2607 2954 2662 metrum

724 2699 1153 2763 iambicum
1198 2698 1636 2780 senarium,
1683 2721 1812 2786 quo
1846 2706 1925 2770 78
1956 2698 2328 2783 fragmenta
2371 2707 2685 2764 constant
2727 2721 2952 2764 uersus

724 2800 1121 2865 continentia
1175 2799 1321 2886 plus
1379 2807 1532 2882 150,
1599 2822 1878 2887 quorum
1933 2810 2153 2866 tamen
2193 2799 2296 2865 his
2341 2811 2538 2887 caput
2596 2800 2788 2866 deest
2829 2798 2950 2864 illis

725 2902 957 2966 cauda.
1054 2901 1163 2966 Ex
1214 2910 1402 2987 parte
1456 2901 1707 2966 minore
1764 2902 2025 2966 Graeca
2079 2911 2234 2966 sunt
2285 2901 2638 2967 seueritate
2703 2923 2952 2988 compo-

724 3004 942 3087 siti1),
991 3025 1188 3090 quam
1229 3003 1444 3067 Varro
1491 3012 1557 3067 et
1600 3001 1896 3069 Catullus
1942 3003 2388 3069 Romanorum
2443 3003 2722 3068 senariis
2770 3003 2954 3090 primi

723 3103 1082 3170 intulerunt
1129 3104 1221 3189 (u.
1262 3103 1341 3169 L.
1386 3103 1741 3169 Muellerus
1788 3127 1853 3190 Ρ.
1887 3105 2064 3190 107),
2110 3115 2184 3172 ut
2228 3127 2268 3168 a
2310 3104 2582 3191 paribus
2631 3106 2952 3192 spondeus

726 3203 1029 3270 exclusus
1091 3205 1207 3288 sit3
1276 3204 1347 3268 in
1399 3204 1605 3272 multo
1661 3205 1960 3292 pluribus
2015 3206 2398 3272 Italicorum
2449 3229 2770 3272 uersuum
2813 3206 2954 3293 (hoc

723 3307 981 3372 nomine
1023 3317 1177 3372 utor
1220 3329 1261 3370 a
1303 3305 1617 3372 Muellero
1671 3329 1738 3393 p.
1785 3317 1904 3377 411
1949 3309 2248 3397 inuento)
2303 3307 2646 3373 licentiam
2685 3329 2956 3394 usurpa-

722 3409 823 3473 uit
866 3407 1189 3494 spondeos
1233 3405 1340 3472 uel
1383 3430 1500 3494 pro
1557 3409 1651 3472 eis
1698 3409 2002 3495 dactylos
2059 3419 2538 3498 anapaestosue
2593 3409 2956 3497 promiscue

724 3509 1049 3596 ponendo.
1108 3510 1337 3597 Neque
1381 3509 1617 3576 desunt
1658 3532 1971 3574 uersuum
2013 3511 2216 3576 series
2247 3511 2450 3578 medii
2479 3511 2830 3578 cuiusdam
2855 3531 2952 3596 ge-

724 3611 931 3688 neris,
990 3633 1159 3697 quae
1214 3633 1515 3676 seueram
1566 3611 1653 3678 ad
1707 3633 2007 3677 normam
2059 3623 2334 3678 exactae
2393 3635 2526 3680 uno
2571 3623 2834 3678 tantum
2871 3611 2952 3676 al-

724 3721 950 3778 teroue
992 3709 1137 3778 loco
1180 3714 1266 3779 ab
1310 3734 1389 3778 ea
1432 3711 1838 3796 desciscunt,
1893 3725 1970 3780 ut
2021 3737 2232 3800 paene
2286 3713 2546 3780 dubites
2605 3737 2696 3780 an
2751 3715 2950 3780 sciens

724 3811 1081 3900 nolensque
1152 3813 1225 3878 in
1304 3811 1437 3880 illis
1508 3813 1725 3908 Varro
1799 3825 2010 3882 artem
2083 3813 2412 3882 Graecam
2493 3811 2948 3898 adhibuerit2).

1303 4061 1311 4069 '
1369 4070 1373 4077 ·
1405 4058 1435 4108 f·
1475 4086 1550 4127 ...χ
1583 4033 1586 4035 Α
1741 4046 2092 4123 v'ffieoefi!
2133 4055 2565 4132 Thnephi-antei:
2603 4071 2656 4106 a.
2693 4055 2826 4106 1858
2859 4051 2936 4104 nd-

1473 4145 1481 4152 *
1602 4138 1607 4181 ἶ
1635 4125 1979 4222 „giga-'fictu
2014 4141 2097 4194 ἷιΕ
2150 4155 2402 4192 seueram
2447 4139 2788 4192 Graecorum
2827 4149 2930 4188 nor-

1669 4346 1709 4356 «-
2029 4321 2093 4349 ³==
2133 4333 2137 4345 ³
2177 4308 2418 4360 metricis
2452 4323 2504 4374 p.
2537 4309 2608 4358 40
2639 4303 2912 4356 rectissime

1761 4398 1805 4445 'a
1885 4397 2024 4463 'fh-..⁶2
2044 4383 2252 4470 lune!
2289 4395 2374 4442 uel
2399 4391 2478 4442 Hs
2517 4391 2572 4440 ιίι
2599 4403 2758 4454 μανι
2785 4387 2904 4436 em

1841 4517 1961 4549 ἱ
1999 4477 2062 4544 f,
2149 4475 2400 4542 enon&
2431 4487 2604 4524 uer-m
2631 4485 2748 4522 sm
2773 4469 2894 4520 dew-

1743 4569 1750 4620 ἶ
1782 4569 1925 4626 ,ξ.;,;;
1949 4583 1970 4601 ¹-
2269 4557 2424 4608 Iano
2463 4561 2642 4606 exeant
2677 4551 2880 4620 φαά-
2989 4553 2998 4562 “
