3559 5709
308 698 350 761 22
782 698 912 755 ulrvr
941 698 953 752 l

308 877 406 954 gunt3
428 889 506 931 nam
529 865 628 929 animi
651 873 683 929 et
703 864 778 929 fons
801 872 900 948 atque
922 862 1014 946 origo
1030 861 1212 947 (Andabat.
1229 861 1276 945 X)
1298 869 1427 925 etcum

281 1005 282 1010 κ
309 991 446 1055 corpore
468 968 609 1032 rationes
633 964 731 1051 (Mut.
754 964 832 1029 mul.
855 965 945 1029 seab.
968 963 1000 1048 l)
1022 974 1055 1029 et
1082 963 1125 1029 ab
1148 986 1186 1029 eo
1215 962 1355 1049 denique
1378 985 1425 1027 se

309 1072 438 1158 paratio
462 1068 644 1155 (Andabat.
663 1068 729 1153 XI)
752 1089 773 1131 a
794 1066 944 1131 Varrone
971 1065 1212 1131 describuntur.
1256 1064 1312 1129 Ad
1332 1074 1426 1131 natu-

308 1172 412 1237 ralem
444 1171 586 1237 fortasse
618 1168 846 1257 philosophiae
877 1176 1006 1254 partem
1042 1166 1191 1232 sublimis
1223 1166 1281 1232 illa
1312 1166 1427 1231 mundi

309 1272 456 1361 caelique
484 1272 660 1358 descriptio
687 1271 861 1358 pertinuit,
891 1292 975 1356 quae
1004 1278 1096 1334 extat
1121 1269 1157 1332 in
1178 1268 1255 1335 Dol.
1279 1278 1338 1335 aut
1363 1292 1427 1336 ser.

310 1377 353 1442 cf.
376 1376 429 1441 De
451 1373 568 1441 salute.
597 1374 688 1439 Man.
710 1373 778 1457 VI,
805 1381 977 1460 poetarum
1004 1379 1113 1436 autem
1140 1371 1288 1438 fictiones
1317 1373 1358 1437 ab
1389 1394 1429 1437 ea

309 1476 484 1564 disciplina
511 1486 722 1541 remouentur
751 1474 903 1561 (Marcip.
926 1473 1025 1557 XH).
1068 1473 1264 1559 Plerumque
1290 1495 1370 1539 uero
1393 1474 1429 1538 in

309 1578 426 1644 morali
448 1577 623 1664 disciplina
644 1588 807 1659 uersatur,
823 1578 858 1640 in
880 1598 947 1663 qua
967 1598 1200 1663 nonnunquam
1215 1576 1315 1641 etiam
1329 1598 1428 1662 quae

310 1682 433 1747 stiones
451 1679 610 1767 quasdam
626 1678 753 1743 soluere
769 1678 918 1765 suscipit,
934 1676 1025 1743 uelut
1040 1687 1150 1743 utrum
1164 1680 1236 1744 uita
1249 1678 1285 1742 in
1299 1677 1429 1763 agendo

310 1806 352 1848 an
366 1784 402 1847 in
416 1780 593 1867 cogitando
608 1780 717 1866 posita
730 1779 963 1867 praestabilior
985 1780 1028 1846 sit
1051 1780 1100 1865 (in
1121 1781 1238 1845 Γνῶθι
1254 1773 1429 1868 σεαυτόν),

309 1894 461 1949 utrumne
483 1883 620 1964 artium,
651 1883 795 1948 musicae
816 1883 995 1970 imprimis,
1025 1883 1179 1949 tractatio
1207 1882 1331 1946 homini
1353 1905 1431 1948 con-

209 2032 212 2039 ·
309 1986 422 2051 ueniat
452 1985 501 2071 (in
518 1977 606 2071 ''Ovpr
626 1982 760 2071 λύρας),
782 1984 982 2072 'plerumque
1008 1994 1215 2049 tamencum
1236 1985 1431 2073 Menippum
1461 2048 1465 2053 .

310 2098 440 2153 secutus
463 2089 548 2153 bene
570 2109 610 2152 ae
630 2088 758 2171 modice
785 2089 898 2153 uiuere
921 2109 1082 2152 summurn
1109 2088 1231 2152 bonum
1253 2098 1348 2174 putet
1368 2088 1431 2174 (cf.

308 2190 399 2257 Mod.
423 2190 482 2255 IV.
507 2189 566 2277 V),
589 2190 658 2254 eius
679 2189 861 2255 modestiae
883 2199 1123 2276 contemptores
1145 2190 1341 2276 praecipuos
1362 2213 1433 2256 non

308 2302 376 2357 tam
398 2291 534 2358 subtiles
565 2290 774 2378 philosophos
802 2291 903 2356 habet
932 2291 989 2376 qui
1015 2289 1231 2356 humanarum
1257 2293 1431 2377 cogitatio·

310 2417 389 2459 num
411 2394 568 2459 terminos
598 2393 811 2478 egrediantur
841 2393 919 2478 (etsi
946 2415 987 2457 ne
1015 2415 1070 2458 eos
1099 2393 1232 2480 quidem
1259 2416 1432 2480 uunquam

310 2494 497 2577 cauilletur,
526 2519 558 2560 u.
583 2497 714 2582 supra),
738 2518 837 2581 quarn
867 2495 994 2581 (utpote
1027 2496 1084 2583 qui
1116 2497 1295 2561 ‘Romanus
1329 2505 1432 2581 atque

310 2597 470 2663 Sabinus'
492 2597 582 2683 ipsas
605 2598 693 2661 uitae
717 2596 864 2681 agendae
886 2597 1030 2663 rationes
1046 2598 1143 2663 meris
1158 2597 1433 2685 philosophorum

310 2699 568 2783 cogitationibus
591 2697 729 2763 multum
753 2699 986 2785 anteponebat)
1003 2720 1114 2765 omnes
1136 2697 1209 2764 illos
1231 2699 1288 2787 qui
1310 2722 1331 2764 a
1353 2700 1432 2765 sim-

309 2799 389 2886 plici
416 2811 450 2866 et
465 2800 626 2890 modesta
652 2802 844 2888 priscorum,
864 2800 1087 2867 Romanorum
1122 2804 1192 2867 uita
1218 2801 1432 2867 desciuerint.

236 2940 237 2945 κ
308 2904 382 2968 Hoc
403 2925 462 2989 per
485 2902 614 2987 singula
645 2903 829 2988 fragmenta
856 2902 1029 2968 ostendere
1051 2913 1084 2968 et
1105 2903 1240 2989 longum
1262 2914 1295 2969 et
1316 2926 1432 2990 super-

310 3027 493 3069 uacaneum
514 3015 576 3087 est,
601 3026 675 3070 cum
696 3005 818 3091 ubique
841 3005 911 3070 fere
934 3006 1002 3070 eius
1025 3007 1073 3070 rei
1089 3006 1274 3071 testimonia
1296 3016 1430 3089 extent3

309 3104 413 3171 multa
445 3107 595 3193 inprimis
626 3130 664 3172 eo
694 3106 895 3192 pertinentia
927 3107 961 3170 in
989 3106 1166 3193 Sexagessi
1199 3117 1232 3172 et
1264 3108 1299 3171 in
1331 3107 1434 3194 Ταφῇ

309 3208 505 3284 Μενίππου,
529 3207 648 3271 deinde
662 3208 698 3269 in
712 3204 1053 3296 Pepourodrdaoucilp
1077 3220 1110 3275 et
1131 3210 1165 3274 in
1180 3210 1332 3275 Bimarco
1347 3209 1432 3275 mul-

309 3309 416 3395 tisque
443 3308 517 3373 aliis
545 3309 754 3374 invenientur
763 3310 798 3395 ¹).
843 3311 959 3398 Itaque
981 3334 1021 3377 ea
1048 3312 1240 3398 plerumque
1262 3334 1346 3399 quae
1368 3335 1432 3399 per

309 3411 472 3476 luxuriem
495 3420 528 3477 et
551 3411 725 3476 avaritiam
748 3412 929 3498 depravata
952 3424 1046 3479 erant
1067 3415 1263 3497 insectatur,
1291 3413 1351 3478 sed
1374 3412 1432 3479 de·

310 3535 402 3578 orum
424 3534 553 3599 quoque
576 3514 820 3600 superstitiosas
846 3525 879 3580 et
906 3537 1020 3579 recens
1044 3514 1173 3580 demum
1201 3516 1352 3581 inductas
1379 3538 1432 3581 re-

308 3612 456 3698 ligiones,
480 3613 571 3680 velut
592 3614 716 3680 cultum
732 3616 900 3702 Serapidis
924 3617 1015 3703 (nam
1036 3616 1128 3681 illum
1148 3615 1304 3682 Pseuduli
1326 3617 1432 3702 Apol·

308 3714 385 3778 linis
408 3714 537 3780 nomine
559 3716 689 3782 videtur
713 3718 930 3806 significasse)
953 3718 1158 3805 Magnaeque
1179 3719 1297 3783 Matris
1318 3741 1431 3805 repre-

308 3816 463 3882 hensione
492 3818 609 3903 dignas
633 3820 815 3903 existimat3
844 3820 888 3884 cf.
911 3820 1044 3885 Seruius
1068 3822 1111 3885 ad
1134 3822 1217 3887 Aen.
1239 3821 1326 3886 VIII
1349 3829 1429 3893 698:

309 3923 429 3985 ‘Varro
444 3927 633 4001 r'udiquutur,
658 3928 885 3988 Alexandrinos
907 3928 978 3987 deos
991 3928 1106 3987 Itomae
1120 3930 1204 3988 coli!
1237 3923 1312 3988 Huc
1327 3924 1433 3990 etiam

309 4022 473 4109 quendam
495 4016 601 4087 κακὸν
623 4024 769 4106 δαίμονα
797 4023 878 4090 alias
901 4024 1050 4108 ignotum
1071 4025 1235 4110 pertinere
1257 4034 1354 4111 puto,
1384 4027 1430 4091 cf.

313 4117 408 4207 Ταφὴ
425 4125 610 4188 Μενίππου
626 4125 689 4189 ΙΙΙ.
735 4125 802 4190 Sed
823 4136 995 4212 poetarum
1018 4149 1146 4213 quoque
1168 4126 1333 4213 quendam
1353 4149 1433 4192 neo-

308 4225 482 4291 terieorum
504 4227 736 4313 Quintiporem
758 4226 920 4310 Clodium,
944 4227 984 4292 de
1006 4250 1070 4314 quo
1092 4228 1157 4292 nisi
1179 4229 1362 4302 eVarrone
1382 4229 1433 4293 nil

308 4382 510 4391 Μ...-

396 4481 420 4547 1)
439 4484 519 4535 Haec
537 4485 588 4536 duo
608 4501 641 4535 ex
659 4485 808 4550 Sexagessi
827 4485 977 4537 adnotasse
996 4486 1131 4537 sufficiet:
1158 4487 1247 4552 ‘Enyo
1265 4493 1316 4536 tum
1333 4488 1433 4539 Itomae

308 4584 388 4633 parce
403 4586 519 4635 pureque
538 4573 659 4634 pudentis
679 4571 779 4621 Viscera
801 4572 828 4620 iu
848 4573 954 4636 putrim-
976 4580 1004 4621 ut
1026 4588 1092 4622 nunc
1113 4588 1196 4621 sumus
1218 4574 1245 4621 in
1267 4571 1376 4621 rutaba’
1402 4579 1433 4624 et

244 4678 245 4681 ¹
308 4653 343 4703 In
361 4670 466 4719 querum
483 4656 561 4705 locum
577 4656 709 4705 subierunt
725 4658 863 4721 inquilinae
880 4657 1010 4722 impietas,
1028 4658 1147 4722 perfidia,
1167 4658 1346 4723 importunae

160 4975 320 5049 m

319 5023 323 5030 .
