3559 5709
332 678 371 740 16
800 674 929 731 clcvr
958 678 968 731 l

332 846 367 927 (i.
384 865 411 906 e.
428 838 605 904 carminum
626 834 775 899 breuium
797 834 840 898 cf.
855 835 964 901 Varro
990 841 1082 925 apud
1105 842 1260 913 Nonium
1277 862 1357 938 428,
1377 861 1473 950 19)¹)

330 945 430 1009 libros
453 940 487 1003 X
509 948 541 1002 et
563 934 931 1022 pseudotragoediarum
956 937 1019 1022 (sic
1041 944 1140 1009 codd.
1158 947 1309 1041 Pariss.)
1329 959 1389 1023 uel
1405 972 1474 1028 tra-

330 1043 521 1129 goediarum
544 1036 628 1123 (cod.
646 1035 811 1120 Atrebat.)
827 1033 928 1101 libros
952 1039 1012 1121 VI,
1036 1051 1074 1105 ut
1097 1043 1192 1112 aliud
1214 1050 1304 1119 illud
1329 1081 1474 1129 carmen

330 1156 455 1211 taceam
488 1136 573 1225 quod
606 1135 844 1216 Quintilianum
877 1138 1065 1222 significare
1102 1152 1258 1217 nonnulli
1299 1164 1473 1248 suspicati

331 1255 417 1325 sunt,
440 1264 510 1306 cum
532 1237 674 1301 nominet
696 1236 727 1321 (I
750 1246 779 1317 4,
797 1237 829 1323 4)
853 1241 1083 1320 ‘Empedoclem
1106 1255 1139 1312 ia
1165 1257 1313 1341 Graecis,
1345 1269 1473 1333 Varro

329 1369 395 1414 nem
411 1366 448 1409 ac
463 1347 634 1405 lucretium
650 1345 681 1402 ta
701 1342 827 1416 Latinis,
853 1348 906 1419 qui
921 1360 1095 1425 praccepta
1117 1361 1299 1431 sapientiae
1322 1376 1474 1435 uersibus

329 1448 546 1519 tradiderunt,
575 1460 712 1526 quocum
733 1439 948 1506 conferendus
972 1456 1023 1509 est
1043 1448 1245 1521 Lactantius
1268 1458 1369 1531 insta.
1395 1468 1472 1536 diu.

329 1551 364 1617 H
389 1555 426 1616 13
456 1546 669 1622 <Empedocles
690 1577 732 1587 -
753 1579 795 1589 —-
816 1546 853 1604 de
874 1564 978 1610 reram
1004 1561 1120 1616 acturo
1148 1566 1293 1627 uersibus
1322 1577 1461 1650 scripsit

328 1665 361 1720 ot
383 1653 469 1728 apud
488 1650 639 1709 Romanos
660 1645 816 1705 Lucretius
843 1652 871 1706 et
899 1650 1038 1723 Varro';
1061 1653 1160 1720 nimis
1190 1664 1284 1727 enim
1307 1624 1472 1753 proclivf,

329 1766 380 1822 est
403 1747 545 1827 credero,
570 1740 815 1825 Quintilianum,
839 1768 935 1830 quem
948 1748 1145 1820 Lactantius
1169 1766 1371 1853 exscripsit,
1398 1776 1471 1842 tale

329 1848 464 1941 aliquod
486 1848 526 1912 de
549 1843 708 1932 sapientia
730 1867 845 1930 poema
867 1870 909 1912 ex
925 1848 1091 1919 Ciceronis
1109 1860 1222 1926 uerbis
1248 1869 1367 1936 obiter
1390 1898 1470 1961 per.

329 1958 423 2026 lectis
446 1973 504 2037 pro
527 1948 662 2028 saturis,
686 1945 797 2032 quales
820 1971 935 2015 reuera
958 1965 1068 2038 erant,
1097 1959 1164 2044 sibi
1192 1964 1357 2055 finxisse,
1388 1999 1470 2043 oum

329 2071 460 2129 saturas
486 2055 574 2138 ipsas
604 2071 676 2113 eum
705 2070 881 2135 numquam
907 2056 1066 2121 curiosius
1097 2062 1288 2149 inspexisse
1317 2075 1380 2139 uel
1411 2103 1469 2145 00.

330 2163 455 2232 cultum
476 2154 557 2219 illud
580 2163 612 2218 et
639 2160 759 2216 tectum
787 2152 916 2218 dicendi
944 2179 1045 2241 genus
1070 2184 1134 2247 quo
1165 2164 1206 2230 de
1230 2170 1280 2234 eis
1305 2172 1470 2261 loquitur

329 2266 389 2358 (cf,
404 2286 436 2349 p.
453 2260 485 2345 7)
513 2256 610 2322 ualde
637 2253 813 2320 uerisimile
840 2256 972 2341 reddat,
1004 2260 1045 2324 cf.
1067 2262 1264 2335 Krahnerus
1290 2274 1335 2339 de
1360 2280 1467 2348 Varr.

328 2368 447 2460 philos.
462 2386 494 2449 p.
512 2371 551 2431 10
566 2383 614 2447 sq.
651 2357 825 2422 Atacinum
847 2383 974 2463 quoque
996 2363 1189 2450 Varronem,
1215 2370 1257 2436 de
1281 2399 1351 2462 quo
1376 2405 1467 2449 non.

280 2462 283 2466 ’
328 2470 410 2541 nulli
433 2466 632 2551 cogitarunt,
663 2484 727 2525 non
755 2470 833 2546 puto
864 2462 1065 2543 Quintiliano
1093 2468 1136 2533 ob
1159 2484 1308 2541 mentem
1337 2482 1467 2570 fuisse,

330 2598 404 2645 eum
427 2577 600 2657 praecepta
623 2562 801 2651 sapientiae
829 2563 891 2630 alio
915 2565 969 2631 ille
991 2567 1062 2634 loco
1084 2571 1218 2637 tradere
1246 2599 1316 2642 non
1339 2595 1466 2668 potue-

329 2681 386 2761 rit,
409 2673 473 2739 nisi
495 2672 635 2737 fortasse
658 2665 855 2754 quibusdam
878 2667 957 2733 locis
981 2673 1139 2757 prooemii
1161 2673 1464 2774 Chorographiae3

332 2776 555 2866 Quintilianus
584 2782 692 2837 autem
715 2770 856 2834 carmina
884 2770 1012 2837 adferat
1033 2796 1115 2859 quae
1142 2785 1212 2841 tota
1242 2779 1278 2843 in
1307 2783 1464 2868 philoso-

289 2932 292 2936 ,
330 2887 408 2979 phia
441 2888 621 2945 uersentur.
679 2873 743 2939 Sed
776 2874 819 2939 ad
849 2875 954 2940 nostri
989 2876 1147 2941 Varronis
1181 2882 1316 2965 poetica
1351 2911 1464 2974 ⁰P⁰ra
1519 2893 1522 2898 .

330 2981 543 3070 1·edeamus.²)
593 2979 711 3046 Omnia
738 2978 772 3042 in
799 2976 864 3041 illis
886 2977 1014 3043 Tullius
1043 3001 1126 3065 quae
1155 2980 1263 3046 Varro
1293 2991 1460 3057 uersibus

330 3072 570 3173 conscripserat
592 3082 723 3164 laudat3
746 3079 829 3144 uarii
845 3102 884 3144 ea
899 3081 1027 3165 generis
1043 3104 1114 3146 esse
1131 3082 1211 3148 dicit
1234 3096 1267 3149 et
1283 3086 1461 3175 elegantia

331 3206 363 3262 et
386 3190 473 3257 omni
488 3189 556 3253 fere
579 3207 712 3251 numero
736 3181 930 3268 composita,
955 3184 1006 3246 sin
1021 3206 1104 3269 quae
1118 3185 1203 3250 forte
1222 3187 1338 3254 inillis
1356 3208 1460 3263 erant

332 3349 529 3364 ----——-

401 3453 428 3520 1)
447 3452 490 3501 Ex
508 3451 547 3501 eis
566 3464 648 3499 unum
667 3445 740 3512 apud
757 3442 916 3494 Diomedem
934 3443 1118 3510 fragmentum
1140 3450 1280 3496 seruatum
1299 3455 1357 3513 est3
1379 3456 1459 3516 quod

333 3544 405 3595 onim
424 3538 473 3587 ille
496 3553 522 3602 p.
541 3538 604 3598 400,
627 3536 659 3585 29
677 3532 711 3584 K.
730 3531 879 3580 Varronem
904 3528 985 3579 affert
1008 3531 1050 3579 ‘in
1079 3531 1182 3594 poetico
1205 3530 1285 3582 libro:
1318 3537 1344 3583 c't
1368 3544 1457 3592 tamen

333 3646 383 3681 non
407 3624 512 3675 deradito
536 3623 637 3672 rostro’
661 3618 689 3667 id
706 3632 778 3667 nunc
796 3620 942 3680 postquam
960 3613 993 3665 de
1011 3616 1149 3681 poematis
1161 3616 1296 3666 Varronis
1315 3626 1457 3687 comperi.

332 3730 391 3765 mus
409 3723 499 3773 nequo
519 3721 579 3755 cum
598 3706 719 3753 llercero
738 3702 772 3752 ad
790 3700 992 3750 ‘Prometheum
1011 3695 1169 3750 liberatum'
1188 3714 1279 3763 neque
1299 3718 1362 3753 cum
1377 3706 1456 3760 Oeh-

333 3802 390 3851 lero
410 3794 445 3846 ad
463 3790 665 3842 ‘Prometheum
682 3788 809 3837 liberum'
827 3786 931 3836 referre
951 3800 1018 3850 opus
1037 3788 1088 3837 est.
1115 3783 1231 3835 Videtur
1249 3792 1343 3838 autem
1362 3798 1457 3847 metro

334 3886 404 3935 satis
423 3878 574 3931 artificioso
594 3874 741 3937 contineri,
762 3873 870 3921 creticis
894 3877 921 3921 et
939 3870 1079 3921 trochaeis
1097 3870 1156 3920 siue
1179 3871 1308 3935 spondeIs
1326 3874 1456 3930 inuicem

333 3986 395 4022 sese
415 3962 628 4029 excipientibus.

401 4053 428 4119 2)
448 4049 565 4101 Omnino
583 4046 624 4096 nil
642 4060 706 4095 curo
724 4043 857 4094 Varronis
876 4047 1042 4106 ‘satyrarum
1060 4042 1145 4091 libros
1163 4040 1230 4090 Hll’
1251 4057 1319 4106 quos
1337 4053 1457 4109 praeter

334 4141 498 4205 Menippeas
518 4132 663 4197 catalogus
681 4130 729 4180 ille
754 4133 908 4192 enumerat,
933 4144 994 4177 cum
1015 4125 1123 4176 indoles
1147 4142 1180 4174 ac
1202 4128 1274 4176 ratio
1293 4144 1390 4180 cerum
1409 4134 1454 4184 in.

335 4226 490 4278 certissima
508 4223 545 4271 sit
564 4223 591 4270 et
609 4234 642 4267 ne
661 4217 713 4266 hoc
732 4216 838 4281 quidem
858 4216 973 4275 constet,
992 4217 1104 4262 rectene
1125 4227 1160 4260 an
1179 4226 1247 4260 casu
1266 4228 1283 4260 a
1303 4212 1348 4264 CL
1369 4216 1454 4270 libris

334 4316 489 4363 saturarum
519 4308 548 4356 in
580 4303 708 4368 catalogo
740 4305 888 4367 separatae
916 4299 980 4348 sint.
1028 4297 1102 4346 Satis
1130 4301 1222 4345 tamen
1250 4297 1347 4361 placet
1377 4306 1454 4365 quod

334 4395 501 4447 Ritschelius
520 4408 586 4441 mus.
606 4389 701 4455 philol.
720 4390 758 4440 VI
776 4389 825 4437 492
848 4384 1003 4450 proposuit,
1027 4398 1074 4432 eas
1094 4381 1128 4431 ad
1147 4381 1263 4430 alterum
1281 4398 1369 4446 genus
1388 4403 1453 4451 per.

335 4481 466 4539 tinuisse,
487 4477 558 4542 quod
576 4475 701 4526 Lucilius
725 4473 919 4536 occupauerat.
954 4468 1052 4516 Fuerit
1076 4468 1161 4531 igitur
1178 4467 1266 4516 Varro
1289 4469 1318 4517 in
1335 4485 1454 4525 numero

336 4564 516 4632 ‘quorundam
535 4562 662 4614 aliorum'
682 4560 729 4623 qui
746 4560 858 4623 praeter
875 4553 1024 4603 Atacinnm
1041 4552 1093 4601 hoc
1112 4567 1197 4614 genus
1218 4556 1282 4602 ante
1300 4553 1453 4609 Horatium

337 4655 518 4718 temptarunt3
538 4650 573 4702 cl.
591 4648 657 4698 Hor.
677 4661 756 4693 sarm.
775 4644 787 4692 I
808 4645 847 4704 lo,
865 4642 908 4692 41.
