3559 5709
404 713 467 777 268
850 719 1054 777 Sllll’llllll'lhll

406 890 454 948 64.
490 888 594 947 Pauca
609 887 776 947 scientibus
794 886 904 947 eadem
918 888 994 968 ipsis
1014 886 1119 948 taedio
1140 888 1230 948 fiunt:
1248 884 1320 966 (65)
1337 889 1386 949 nil
1402 888 1449 948 illi
1467 896 1535 948 tae-

491 972 550 1044 dio,
568 974 615 1031 cui
630 973 885 1053 inquirendarum
901 973 1021 1052 amplae
1038 981 1069 1033 et
1083 974 1197 1032 multae
1215 982 1325 1053 patent
1338 975 1423 1033 uiae.

406 1061 455 1118 66.
489 1057 714 1117 Pulcherrimus
734 1058 819 1118 locus
847 1077 970 1137 semper
991 1057 1141 1117 assidenti
1163 1057 1286 1118 adibilis
1313 1067 1376 1119 est:
1412 1058 1535 1138 gaudet

490 1150 600 1202 natura
614 1143 773 1202 uarietate.
1337 1207 1339 1211 ,

370 1289 373 1293 ,
407 1230 457 1287 67.
490 1227 542 1287 Nil
558 1227 753 1305 magnificum
768 1227 900 1300 docebit,
919 1228 971 1307 qui
987 1248 1006 1287 a
1020 1228 1116 1287 se·nil
1132 1227 1248 1287 didicit.

407 1314 456 1371 66.
490 1313 584 1372 Falso
607 1313 743 1392 magistri
765 1321 983 1392 nuncupantur
1001 1311 1173 1372 auditorum
1194 1320 1391 1373 narratores:
1416 1316 1464 1373 sic
1480 1334 1534 1374 au·

491 1396 598 1457 diendi
614 1404 693 1470 sunt,
710 1404 744 1458 ut
760 1399 812 1477 qni
827 1417 963 1457 rumores
978 1416 1142 1457 recensere
1157 1400 1231 1457 satis
1247 1398 1374 1458 ducunt.

407 1484 456 1542 69.
490 1482 562 1542 Νοη
578 1482 819 1561 deprehenditur
834 1483 986 1543 mentiens
1001 1484 1035 1541 in
1050 1483 1098 1542 his
1113 1502 1193 1563 quae
1208 1503 1298 1543 nemo
1315 1484 1417 1544 nouit.

407 1569 456 1646 70.
489 1567 624 1627 Virtutes
641 1588 680 1627 ex
694 1575 833 1647 tempore
847 1574 967 1626 mutant
982 1586 1089 1646 genus.

407 1654 456 1712 71.
490 1651 629 1795 Simplex
654 1651 900 1732 improbabiliuni
920 1654 1049 1712 assertio
1065 1652 1222 1712 dementia
1237 1660 1298 1729 est;
1321 1652 1392 1714 laus
1407 1653 1535 1713 infinita

491 1758 546 1815 pro
570 1738 642 1796 atio.

406 1823 454 1881 72.
488 1820 651 1882 Excedere
667 1842 857 1882 communem
873 1822 1006 1882 omnium
1020 1824 1072 1883 uel
1090 1823 1222 1902 plurium
1237 1823 1451 1902 cognitionem
1467 1825 1534 1903 pul-

491 1907 670 1966 cherrimum
686 1916 740 1981 est,
758 1909 784 1966 si
800 1908 891 1968 modo
908 1928 972 1967 non
986 1908 1115 1968 insanis.

406 1994 456 2052 73.
489 1992 619 2051 Aetates
645 2012 712 2051 cum
739 2011 842 2052 earum
868 1992 1002 2053 moribus
1028 1993 1137 2052 mutari
1163 2013 1227 2053 non
1248 1993 1348 2053 minus
1371 1992 1535 2053 laudabile

491 2096 582 2156 quam
596 2076 768 2137 honestum.
1036 2152 1038 2158 Ι

407 2162 456 2221 74.
489 2162 568 2221 Tam
587 2160 721 2221 ridenda
741 2164 773 2222 in
795 2183 870 2224 sene
898 2162 1073 2242 puerilitas,
1100 2182 1191 2243 quam
1217 2161 1476 2242 obstupescenda
1502 2164 1535 2221 in

489 2265 586 2325 puero
603 2248 784 2326 optimorum
798 2269 915 2307 morum
933 2249 1117 2309 constantia.

409 2337 459 2397 75.
492 2332 569 2406 Erit,
588 2332 670 2412 quod
686 2335 768 2392 omni
784 2333 920 2412 planum,
938 2334 1078 2394 oratioue
1093 2332 1171 2392 nulli
1186 2331 1399 2412 aperiendum.

406 2419 454 2480 76.
488 2417 653 2498 Nunquam
668 2418 834 2497 prudentia
851 2417 968 2495 docuit;
988 2438 1037 2478 res
1052 2419 1135 2499 ipsas
1152 2419 1294 2494 consule;
1316 2418 1351 2476 in
1367 2418 1417 2477 his
1435 2438 1536 2495 nego·

489 2504 559 2562 tiari
575 2511 704 2581 oportet,
721 2504 747 2562 si
762 2522 868 2563 uerum
881 2505 929 2563 uis
946 2505 1076 2563 eluceat.

406 2590 456 2651 77.
488 2588 558 2646 Hae
574 2606 623 2646 res
640 2608 703 2647 non
719 2597 798 2662 sunt,
816 2608 891 2668 quas
908 2589 1070 2649 uerborum
1086 2588 1159 2649 fecit
1173 2596 1329 2648 uenustas.

406 2675 456 2736 78.
490 2673 528 2731 In
549 2672 671 2751 scriptis
692 2673 774 2752 quod
795 2693 902 2732 uerum
924 2681 971 2733 est
993 2692 1031 2733 ex
1052 2673 1191 2753 proximo
1213 2670 1414 2747 sumendum,
1442 2694 1537 2754 quum

491 2762 510 2827 †
525 2755 558 2816 id
575 2776 612 2816 ea
626 2778 691 2816 non
708 2758 874 2838 explicant.

408 2845 458 2907 79.
494 2839 598 2901 Odere
614 2843 700 2902 multi
717 2843 959 2923 philosophiam,
984 2844 1068 2923 quia,
1093 2862 1185 2922 quum
1199 2843 1271 2902 sciri
1285 2843 1386 2903 multa
1401 2863 1539 2904 necesse

492 2928 539 3001 sit,
557 2948 621 2987 non
639 2936 685 2987 est
700 2949 747 2988 res
763 2937 851 2987 tanta
865 2929 926 2987 nisi
943 2928 1052 3007 amplis
1069 2936 1218 2999 contenta
1232 2928 1353 3007 spatiis.

407 3014 445 3076 79
457 3034 483 3073 a.
508 3012 611 3091 Quum
629 3012 705 3073 libet
720 3014 852 3092 ausgari,
876 3032 1067 3093 quocumque
1083 3011 1158 3092 quid
1173 3011 1297 3072 dubium
1312 3021 1372 3085 est,
1386 3014 1476 3073 uiam
1492 3017 1539 3075 in-

489 3098 585 3158 uenit.

406 3182 457 3245 80.
492 3182 705 3261 Spectaculum
726 3183 861 3262 sapienti
882 3182 1118 3262 pulcherrimum
1139 3182 1370 3263 philosophiam
1390 3184 1539 3244 inutilem

490 3268 689 3341 mentientes,
725 3269 869 3348 quoniam
902 3288 966 3327 non
999 3267 1162 3348 pollicetur
1184 3267 1322 3341 diuitiae,
1359 3267 1538 3330 studiorum

490 3355 592 3413 finem.
629 3354 686 3412 Est
707 3362 807 3414 autem
828 3373 845 3413 e
866 3352 1018 3412 contrario
1040 3352 1216 3432 pollicitans
1237 3359 1455 3432 contemptum
1484 3356 1537 3413 im·

491 3458 656 3518 perrosum.

450 3584 458 3599 .
491 3539 645 3599 Diadema
660 3540 809 3618 sapientis
830 3540 1028 3620 philosophia
1048 3541 1193 3621 quoniam
1214 3540 1248 3598 in
1268 3546 1376 3599 mente
1396 3540 1464 3599 sita
1480 3550 1537 3613 est,

492 3624 659 3703 praemium
681 3632 711 3682 et
731 3625 826 3682 menti
847 3624 1046 3685 inserendum
1067 3625 1230 3704 promittit;
1254 3624 1382 3683 fortuna
1397 3628 1537 3706 corpori,

492 3711 560 3787 ipsa
576 3708 704 3766 enimin
721 3728 859 3787 corpore.
898 3711 991 3769 Hanc
1008 3711 1183 3789 imperitum
1202 3708 1312 3786 uulgus
1327 3708 1436 3784 uidet,
1465 3713 1538 3791 quia

491 3793 555 3853 solo
572 3793 666 3851 utitur
682 3794 767 3853 oculo
785 3814 949 3874 corporeo,
973 3796 1003 3854 in
1022 3796 1271 3873 corporesitum,
1295 3813 1378 3874 quae
1394 3798 1538 3876 corporis

490 3888 562 3938 sunt
577 3876 814 3959 pollicitantem3
837 3881 922 3940 illam
944 3889 1044 3939 autem
1060 3880 1218 3940 intuentur
1233 3899 1311 3959 quos
1331 3899 1424 3941 mens
1447 3882 1539 3941 altior

410 3995 424 4011 -
492 3965 598 4038 erexit,
615 3962 749 4023 studium
765 3966 916 4045 prouexit,
935 3964 1193 4024 oblectamentum
1207 3964 1342 4025 attraxit

406 4070 456 4127 82.
489 4066 661 4145 Impcrabis
685 4067 823 4147 regibus,
846 4068 872 4128 si
893 4068 1024 4148 imperes
1047 4067 1201 4134 fortunae.
1233 4064 1297 4144 Qui
1311 4067 1418 4126 scies?
1455 4067 1540 4129 Ocn-

489 4160 592 4212 temne
607 4152 716 4230 ipsam.

406 4338 438 4387 68
461 4338 550 4388 satis
574 4336 673 4402 scripsi
691 4337 799 4402 magis
820 4336 876 4386 ΑΡ.
900 4338 1034 4388 Fortasse
1053 4336 1179 4401 magni,
1208 4336 1249 4387 cf.
1273 4337 1332 4386 127.
1351 4360 1385 4370 —
1423 4338 1459 4387 74
1477 4338 1537 4387 ob·

406 4407 573 4470 stupenda
600 4404 646 4454 AP
686 4405 961 4470 obstupescenda
987 4406 1160 4457 Vincentius.
1179 4430 1211 4439 —
1268 4405 1301 4455 75
1325 4404 1490 4455 oratione
1516 4406 1539 4453 P

407 4479 498 4523 o'mne
523 4476 555 4526 A.
575 4499 607 4509 -
648 4471 765 4523 76‘rem
789 4474 896 4538 ipsam
915 4474 938 4523 A
956 4488 1010 4524 res
1034 4473 1128 4538 ipsas
1146 4472 1177 4521 P.
1196 4498 1229 4508 —
1259 4473 1293 4523 79
1311 4486 1409 4536 quum
1429 4472 1463 4534 P,
1482 4488 1537 4522 om.

406 4541 438 4590 Α.
452 4543 663 4592 —contenta
682 4542 808 4607 spatiis
827 4546 995 4592 contenta
1013 4541 1090 4590 A.-
1109 4540 1336 4605 79asegregaui.
1354 4566 1389 4574 —
1413 4542 1446 4590 81
1466 4540 1539 4589 sita

407 4609 429 4658 P
453 4622 512 4657 sua
530 4610 614 4668 A.,-
630 4610 848 4660 inserendum
867 4611 888 4660 P
907 4608 1046 4660 incend'
1065 4607 1097 4658 A,
1116 4636 1149 4644 -
1167 4609 1238 4659 Num
1255 4608 1289 4656 in
1308 4605 1444 4657 studia?
1463 4612 1536 4657 stu-

407 4675 534 4727 diuma
551 4676 642 4728 istuc
660 4678 777 4731 uitaP·
790 4703 824 4714 -
1038 4697 1040 4702 ·
