3559 5709
329 675 371 740 34
802 680 931 736 ctrvr
953 678 973 735 l.

327 843 505 910 liberorum
528 842 772 924 educationem,
802 843 896 906 scriis
918 841 1029 906 uerbis
1059 841 1107 905 ita
1128 841 1279 905 uidemus
1302 840 1449 921 tractari,

328 957 365 1011 ut
380 943 535 1031 pleraque
557 944 591 1007 in
606 944 680 1030 ipsa
702 967 736 1008 rc
752 955 936 1025 uersentur,
959 941 1124 1017 nonnullis
1140 942 1293 1029 exempla
1309 942 1448 1008 afferan-

328 1058 382 1113 tur
415 1045 523 1133 qualia
554 1057 692 1133 possunt
725 1046 788 1110 dici
821 1046 988 1110 historica.
1045 1044 1084 1107 In
1117 1068 1181 1130 quo
1211 1043 1450 1110 sermocinandi

327 1149 469 1233 uestigia
490 1148 690 1214 Ritschelius
718 1147 826 1211 indice
854 1172 879 1211 s.
903 1146 969 1212 adl.
992 1170 1024 1233 p.
1048 1147 1119 1210 XII
1142 1170 1191 1233 sq.
1220 1145 1449 1234 deprehendit,

328 1252 490 1318 actionem
522 1262 632 1315 autem
658 1273 717 1335 per
745 1249 865 1314 librum
888 1259 1073 1315 saturarum
1097 1247 1193 1314 modo
1223 1249 1450 1315 continuatam

328 1378 393 1419 non
421 1352 724 1417 animaduertimus.
774 1352 837 1415 Hic
864 1352 980 1416 modus
1008 1349 1113 1415 ualuit
1142 1351 1240 1416 etiam
1267 1351 1303 1413 in
1329 1348 1449 1415 libellis

328 1454 515 1521 Heraclidis
537 1453 675 1536 Pontici,
699 1476 794 1539 quem
809 1453 969 1518 Varronis
992 1454 1026 1516 in
1047 1450 1243 1538 logistoricis
1266 1451 1449 1517 scribendis

329 1568 494 1622 auctorem
516 1555 619 1620 fuisse
642 1555 810 1621 Ciceronis
835 1554 996 1641 epistulae
1018 1564 1085 1618 tam
1108 1563 1221 1641 aperte
1245 1553 1385 1637 docent,
1413 1562 1450 1617 ut

328 1682 394 1724 non
415 1658 520 1744 possit
542 1680 616 1720 cum
639 1656 817 1721 Ritschclio
840 1654 861 1719 l.
885 1679 913 1720 c.
938 1681 970 1743 p.
994 1665 1055 1726 542
1079 1655 1233 1720 dubitari.
1278 1655 1339 1719 Ille
1363 1655 1450 1720 enim

330 1761 442 1825 Attico
467 1782 526 1823 suo
550 1781 579 1822 a.
604 1766 665 1828 710
692 1759 844 1844 promisit
876 1758 964 1844 (epp.
988 1757 1031 1821 ad
1054 1758 1123 1822 Att.
1149 1757 1214 1821 XV
1238 1765 1299 1840 27,
1320 1759 1353 1843 2)
1384 1762 1449 1821 ‘ec-

328 1869 440 1927 cudcm
464 1866 582 1940 aliquid
607 1850 875 1942 Ἡρακλειδεῑον,
905 1866 989 1938 ηαοιί
1011 1866 1107 1923 latent
1131 1866 1164 1936 ιά
1184 1865 1339 1924 thesauris·
1354 1865 1448 1932 turis&

328 1964 461 2055 repetiit
483 1962 679 2049 promissum
702 1985 776 2047 epp.
799 1961 885 2024 XVI
909 1970 939 2041 2,
964 1972 982 2030 5
1006 1951 1286 2042 1Ἡμακλοιδεῖον,
1303 1968 1332 2025 sr'
1344 1967 1450 2026 Brun-

330 2073 437 2130 discum
458 2071 552 2141 solur,
576 2070 770 2139 adoriemur'
795 2072 828 2127 et
850 2085 890 2126 nc
914 2062 993 2147 quid
1016 2061 1153 2127 dubium
1177 2063 1234 2144 sit,
1266 2086 1340 2149 epp.
1365 2063 1451 2137 XVI

330 2177 359 2250 3,
385 2181 399 2234 1
424 2166 557 2230 initium
579 2165 679 2229 etiam
702 2162 827 2249 opellae
850 2165 960 2250 posuit
982 2171 1075 2243 ‘qnod
1096 2185 1169 2229 uero
1183 2170 1292 2229 scribis
1306 2176 1335 2229 te
1351 2171 1451 2243 τααγὶε

328 2274 476 2346 ιλκιαγλε
504 2273 601 2331 deleat
590 2274 653 2330 tarr·
682 2269 808 2329 OTr'te
780 2273 856 2330 tsi
879 2273 955 2345 qnid
974 2272 1067 2345 αμα,
1091 2288 1184 2346 aupes
1203 2273 1278 2330 milri
1295 2272 1452 2331 scribendi

329 2374 544 2434 lucrantem
590 2367 687 2432 Est'
679 2367 741 2451 rgit
743 2389 781 2431 ur
728 2367 886 2431 ttoGa
916 2367 956 2431 de
985 2390 1080 2432 senec
1081 2377 1166 2450 tute,
1201 2390 1298 2465 quem
1326 2367 1450 2433 librum

324 2463 577 2554 Ηρακλειδεῑον
604 2470 719 2534 Cicero
748 2454 902 2555 appellat
947 2469 1048 2534 Breui
1076 2481 1186 2535 autem
1214 2478 1272 2534 ant
1274 2492 1313 2534 ea
1340 2470 1448 2536 Varro

328 2575 399 2658 ipse
429 2572 597 2652 Ciceroni,
630 2579 668 2634 ut
694 2592 753 2654 pro
781 2571 1055 2636 Academicorum
1086 2592 1219 2636 munere
1247 2581 1380 2655 gratum
1413 2593 1449 2635 sc

328 2675 516 2761 praeberet,
542 2663 791 2753 Hecataeum
812 2673 1023 2758 promiserat;
1048 2673 1089 2738 cf.
1114 2696 1187 2760 epp.
1218 2673 1262 2737 ad
1285 2674 1356 2738 Att.
1380 2673 1449 2737 XV

331 2785 381 2857 13,
398 2785 416 2845 3
440 2781 608 2840 ‘Varronis
631 2767 791 2855 διάλογον
812 2787 950 2855 expecto.
988 2782 1056 2840 Ιααι
1068 2782 1166 2855 probo
1184 2766 1447 2856 Ἡρακλειδεῑον,

325 2884 509 2957 praesertim
532 2898 598 2942 curn
626 2887 658 2942 tu
680 2886 840 2956 tantopere
862 2884 1044 2950 delcetcrc’;
1073 2877 1161 2962 quod
1191 2898 1264 2940 cum
1292 2875 1340 2939 illi
1363 2876 1447 2941 XVI

330 2989 387 3061 11,
417 2989 435 3050 3
469 2978 615 3045 nondum
641 2977 743 3042 tradit
730 2988 799 3042 tum
827 2987 915 3042 esset
938 2979 1199 3062 (Vrrrrorrr's—
1222 3000 1322 3058 aqna
1345 2985 1448 3043 adhuc

323 3072 575 3161 Ηρακλειδεῖον
597 3085 675 3144 illud
697 3101 757 3144 κοιι
785 3087 896 3144 abstula
886 3082 945 3163 i'),
976 3091 1050 3165 post
1052 3103 1091 3144 ca
1119 3102 1238 3164 magno
1266 3080 1389 3164 gaudio
1413 3102 1447 3144 se

330 3183 496 3268 accepisse
517 3190 630 3245 narrat
617 3181 697 3246 tib
721 3180 805 3245 XVI
829 3189 868 3249 12
892 3185 943 3244 de
960 3171 1197 3268 Ηρακλειδιίῳ
1226 3188 1375 3246 Varronis
1397 3205 1446 3248 ne-

328 3295 380 3362 aar
382 3291 413 3348 1ἀ
369 3291 527 3348 t.salsa
564 3305 610 3347 me
632 3289 750 3362 quidem
773 3288 849 3346 αι’λιλ
870 3304 1001 3361 unquam
1023 3291 1066 3348 sic
1089 3290 1186 3349 dclcct
1174 3291 1251 3349 tacit
1258 3281 1307 3368 ¹)’
1343 3276 1445 3400 Hpa-

329 3387 495 3450 κλειδειον
523 3386 625 3471 igitur
653 3407 727 3449 cum
750 3383 832 3449 Cato
857 3384 898 3448 de
920 3395 1089 3449 senectute
1111 3386 1154 3450 eit
1162 3408 1340 3472 ,cumque
1362 3387 1446 3450 eius-

330 3487 405 3551 dem
426 3489 554 3572 generis
577 3511 677 3573 opera
692 3488 873 3552 Varronem
896 3486 1068 3573 scripsisse
1091 3435 1263 3552 audiamus
1286 3488 1446 3552 eiusdem·

330 3611 393 3673 quc
420 3590 548 3672 generis
576 3589 806 3674 inscriptiones
834 3589 1058 3654 Varronianas
1092 3595 1169 3653 cumv
1199 3589 1379 3655 habeamus
1412 3591 1447 3653 in

329 3689 526 3772 logistoricis
550 3701 710 3772 seruatae,
734 3689 814 3775 quid
836 3689 968 3754 facilius
991 3691 1156 3776 colligitur
1179 3714 1276 3777 quam
1297 3691 1349 3755 his
1365 3677 1446 3778 ope-

329 3791 421 3856 ribus
450 3790 660 3855 Heraclidem
693 3814 765 3855 eum
798 3813 870 3855 esse
900 3791 1086 3856 imitatum?
1143 3793 1248 3873 Quem
1277 3794 1446 3879 Diogenes

328 3891 480 3956 Laertius
503 3892 535 3957 V
552 3902 591 3964 89
613 3894 662 3958 ita
684 3892 856 3957 describit:
881 3895 969 3956 <tovi
992 3887 1023 3958 δ’
1048 3889 1138 3980 αὐτῷ
1162 3891 1217 3957 καὶ
1239 3893 1383 3977 μεσότης
1398 3918 1447 3969 τις

330 3984 503 4078 ὁμιλητικὴ
532 3991 732 4076 φιλοσόφων
767 4017 801 4057 τε
830 3991 884 4058 καὶ
914 3999 1144 4079 στρατηγικῶν
1177 3994 1234 4061 καὶ
1261 3998 1447 4060 πολιτικῶν

330 4091 467 4177 ἀνδρῶν
496 4089 580 4179 πρὸς
607 4089 772 4178 ἀλλήλους
801 4096 1051 4180 διαλεγομένων
1072 4137 1115 4146 -
1135 4137 1179 4149 -
1201 4091 1310 4172 ἄλλως
1332 4120 1368 4160 τε
1391 4094 1447 4161 καὶ

330 4194 367 4260 ἐν
399 4195 502 4262 ἅπασι
533 4200 685 4272 ποικίλος
713 4221 748 4262 τε
776 4195 831 4263 καὶ
859 4198 1059 4284 διῃρημένος
1085 4192 1146 4283 τὴν
1174 4199 1263 4276 λέξιν
1291 4195 1361 4261 ἐστὶ
1391 4195 1448 4262 καὶ

329 4308 543 4383 ψυχαγωγεῖν
557 4299 679 4376 λκανώς
694 4301 907 4384 δυνάμενος)
942 4303 1036 4383 Quae
1052 4303 1162 4368 omnia
1182 4303 1217 4366 in
1232 4301 1444 4386 logistoriccs

416 4540 543 4605 l)Hunc
561 4542 661 4593 librum
682 4545 768 4594 fuisse
792 4543 912 4606 aliquem
936 4541 1110 4593 Ciceronem
1128 4543 1161 4592 de
1181 4543 1350 4608 eloquentia’
1374 4541 1445 4592 ludi·

330 4624 436 4675 bundus
455 4627 516 4689 quis
533 4628 621 4691 possit
638 4629 773 4679 conicere.
