3559 5709
379 685 469 769 =254
782 685 1147 746 eramusmaerore

406 876 482 941 rops
505 853 567 920 tihi
588 852 691 917 fuisse
713 853 952 918 monstrabitur
974 860 1047 934 aut,
1070 858 1107 915 ut
1128 850 1231 915 tradit
1253 850 1287 913 in
1310 849 1535 915 Admirandis

397 956 530 1039 Varro,
553 955 643 1020 Iouis
666 955 837 1042 progenies
857 956 1013 1020 Aeacus!

941 1073 994 1138 III

492 1176 643 1242 Secundo
667 1177 708 1241 de
730 1177 858 1241 statiuis
882 1177 994 1262 aquis,
1022 1183 1060 1238 ut
1082 1184 1159 1239 sunt
1181 1173 1272 1238 lacus
1296 1182 1329 1239 et
1351 1184 1479 1258 stagna
1502 1183 1535 1237 et

406 1288 506 1365 putea
528 1288 560 1343 et
582 1279 695 1344 maria.

942 1396 993 1461 IV

493 1499 533 1563 In
555 1522 644 1564 mare
666 1522 785 1586 aquam
807 1499 964 1584 frigidam
986 1498 1076 1564 oriri.

952 1618 983 1682 V

491 1720 582 1787 Inter
606 1719 735 1785 ltaliam
757 1728 790 1783 ot
813 1719 959 1785 Siciliam
981 1718 1037 1805 qui
1060 1726 1109 1782 est
1130 1717 1234 1782 fretus
1256 1717 1342 1783 inter
1364 1716 1534 1803 Rhegium

408 1831 441 1888 et
462 1822 662 1888 Messanam.

940 1939 991 2006 VI

493 2043 532 2107 In
555 2043 668 2109 Sicilia
690 2065 819 2131 quoque
841 2065 941 2107 manu
963 2043 1036 2128 capi
1058 2064 1208 2106 murenas
1232 2039 1340 2122 flutas,
1364 2041 1459 2126 quod
1475 2064 1535 2106 eae

407 2147 441 2208 in
464 2167 590 2211 summa
612 2168 698 2232 aqua
719 2168 797 2232 prae
820 2144 1020 2232 pinguedine
1042 2141 1208 2209 fluteutur.

934 2262 1004 2328 VII

492 2366 615 2431 Vinum
630 2367 719 2453 quod
740 2367 787 2432 ibi
808 2375 922 2431 natum
938 2366 981 2431 sit
1002 2365 1036 2429 in
1052 2364 1194 2452 quodam
1208 2365 1280 2429 looo
1297 2364 1325 2428 si
1339 2386 1535 2451 praegnans

408 2469 546 2552 biberit,
570 2469 642 2533 fieri
664 2478 702 2533 ut
724 2469 903 2534 aboriatur.

923 2586 1010 2653 VIII

493 2690 534 2753 In
557 2687 642 2753 silua
664 2711 737 2753 mea
759 2698 809 2753 est
831 2689 894 2774 glis
917 2687 1037 2753 nullus.

493 2910 650 2996 Magnum
672 2909 837 2976 mendum.
941 2807 994 2872 IX

948 3028 982 3093 X

493 3132 653 3198 Infriasse
675 3152 884 3219 papauerem.
923 3143 924 3147 ’

940 3248 993 3313 XI

493 3352 648 3442 Perdices
671 3352 835 3419 Boeotios.

824 3535 1109 3605 LATERENSIS

495 3642 657 3708 Parsurus
680 3642 826 3728 pecuniis
849 3641 935 3709 bene
956 3641 1071 3727 partis.

479 3831 622 3883 GALLVS
641 3831 850 3884 FVNDANIVS
885 3833 928 3883 111
946 3832 1050 3884 Nonius
1062 3833 1112 3882 217
1125 3846 1147 3882 s.
1160 3847 1186 3885 u.
1204 3831 1287 3882 Putei
1304 3835 1413 3885 neutro.
1432 3831 1537 3883 ‘Varro

412 3900 493 3953 Gallo
511 3899 557 3952 uel
568 3899 716 3951 Fundanio
735 3900 799 3962 (uel
818 3916 870 3950 om.
883 3899 976 3967 Laid.)
994 3900 1028 3951 de
1040 3900 1116 3950 miris
1130 3937 1136 3950 .
1149 3937 1157 3959 ,
1170 3903 1189 3954 .’
1208 3900 1304 3965 putei
1321 3900 1354 3953 N.
1400 3900 1443 3951 IV
1461 3900 1537 3952 Cha·

409 3970 491 4020 risius
510 3986 535 4034 p.
554 3970 595 4019 61.
615 3969 856 4020 137.·Prisoianus
873 3986 901 4034 p.
914 3971 974 4023 331.
992 3969 1096 4020 ‘Varro
1113 3969 1143 4018 in
1160 3968 1326 4018 Fundanio’
1379 3969 1405 4020 V
1422 3969 1535 4020 Nonius

410 4040 460 4088 205
478 4053 499 4087 s.
517 4053 543 4086 u.
562 4036 675 4086 Fretum
693 4037 849 4090 masculini.
867 4038 971 4088 ‘Varro
990 4035 1072 4087 Gallo
1090 4039 1140 4086 aut
1156 4034 1323 4087 Fundanio!
1341 4036 1489 4100 Regium
1500 4037 1535 4088 N.

398 4104 448 4164 ¹VI
465 4105 625 4156 Macrobius
644 4103 703 4155 Sat.
717 4106 760 4155 III
777 4107 818 4169 15,
836 4107 852 4156 8
871 4105 924 4156 εΜ.
942 4106 1031 4157 Varro
1049 4105 1080 4155 in
1096 4104 1168 4154 libro
1187 4105 1233 4167 qui
1251 4104 1414 4154 inscribitur
1433 4103 1536 4155 Gallus

410 4173 444 4224 de
464 4172 655 4223 admirandis’
711 4174 764 4224 VII
781 4174 887 4224 Nonius
906 4175 937 4224 71
956 4187 978 4224 s.
997 4189 1025 4224 u.
1052 4171 1211 4223 Aboriatnr.
1248 4173 1350 4222 ‘Varro
1367 4186 1417 4237 pro
1437 4169 1535 4222 Gallio

409 4241 456 4291 uel
467 4240 613 4291 Fundanio
633 4239 667 4290 de
686 4239 855 4293 admirandis
869 4241 973 4291 rehus.’
1020 4240 1088 4291 VIII
1100 4240 1244 4291 Charisius
1255 4254 1282 4304 p.
1295 4241 1338 4292 90.
1353 4240 1409 4289 131.
1430 4241 1536 4291 ‘Varro

410 4308 653 4361 in‘AdmirandisJ
704 4309 744 4359 IX
763 4309 905 4361 Charisius
923 4325 949 4373 p.
964 4311 1005 4360 72.
1028 4309 1154 4359 Incertus
1171 4325 1199 4375 p.
1212 4309 1279 4358 2791
1297 4305 1411 4359 Putreh.
1430 4307 1536 4358 ‘Varro

409 4377 438 4426 in
456 4375 651 4427 Admirandis.'
703 4378 728 4426 X
745 4377 849 4428 Nouius
867 4379 918 4428 220
936 4393 958 4432 s.
977 4392 1003 4428 u.
1022 4379 1158 4442 Papauer.
1194 4377 1298 4428 ‘Varro
1315 4373 1535 4440 Aduoprandis.’

411 4444 621 4496 infriassene
639 4445 672 4496 N.
703 4444 846 4496 Charisius
863 4461 889 4511 p.
908 4446 942 4496 83
960 4445 1063 4495 ‘Varro
1081 4445 1110 4494 in
1127 4443 1324 4493 Admirandis.’
1347 4443 1480 4493 Incertus
1498 4442 1535 4493 de

411 4527 474 4576 geu.
496 4528 568 4566 nom.
585 4513 635 4564 258
658 4513 778 4565 ‘Varro⁷.
840 4513 881 4564 XI
897 4513 1002 4565 Nonius
1024 4514 1073 4564 218
1091 4527 1113 4563 s.
1131 4528 1159 4562 u.
1188 4511 1329 4564 Perdices.
1369 4511 1479 4563 ‘Varro
1502 4512 1535 4561 in

409 4576 604 4630 Admirandis.’
629 4584 763 4633 ueotios
781 4582 815 4632 N.

478 4647 706 4701 LATERENSIS
734 4649 883 4700 Diomedes
901 4665 928 4715 p.
947 4650 1006 4701 368.
1039 4649 1199 4699 Priscianus
1220 4648 1288 4713 Xp.
1308 4649 1366 4701 511.
